@inproceedings{Aczel1989,
  author    = {Aczel Peter and Mendler Nax Paul},
  title     = {A Final Coalgebra Theorem},
  booktitle = {Category Theory and Computer Science},
  year      = {1989},
  pages     = {357-365},
  crossref  = {DBLP:conf/ctcs/1989},
  bibsource = {DBLP, http://dblp.uni-trier.de}
}

@inproceedings{Agudelo2007,
	Author = {Agudelo, J C and Carnielli, W A},
	Bibsource = {DBLP, http://dblp.uni-trier.de},
	Booktitle = {UC},
	Crossref = {DBLP:conf/uc/2007},
	Ee = {http://dx.doi.org/10.1007/978-3-540-73554-0_5},
	Pages = {29-40},
	Title = {{Unconventional Models of Computation Through Non-standard                Logic Circuits}},
	Year = {2007}}

@proceedings{DBLP:conf/uc/2007,
	Bibsource = {DBLP, http://dblp.uni-trier.de},
	Booktitle = {UC},
	Editor = {Akl, S G and Calude, C S and Dinneen, M J and Rozenberg, G and Wareham, T},
	Isbn = {978-3-540-73553-3},
	Publisher = {Springer},
	Series = {Lecture Notes in Computer Science},
	Title = {{Unconventional Computation, 6th International Conference,                UC 2007, Kingston, Canada, August 13-17, 2007, Proceedings}},
	Volume = {4618},
	Year = {2007}}

@book{Alberts2015,
	Address = {New York},
	Author = {Alberts, B and Johnson, A and Lewis, J and Morgan, D and Raff, M and Roberts, K and Walter, P},
	Publisher = {Garland Science},
	Title = {Molecular Biology of the Cell (6th Ed.)},
	Year = {2015}}

@book{Allenby1991,
	Address = {Oxford},
	Author = {Allenby, R B J T},
	Publisher = {Butterworth-Heinemann},
	Title = {Rings, Fields and Groups: An Introduction to Abstract Algebra (2nd Ed.)},
	Year = {1991}}

@book{AltmanDiniMiorandiSchreckling2007,
	Editor = {Altman, E and Dini, P and Miorandi, D and Schreckling, D},
	Publisher = {BIONETS},
	Title = {D2.1.1: Paradigms and Foundations of BIONETS Research},
	Url = {http://www.bionets.eu},
	Year = {2007},
	Bdsk-Url-1 = {http://www.bionets.eu}}

@book{AltmanDiniMiorandiSchreckling2010,
	Editor = {Altman, E and Dini, P and Miorandi, D and Schreckling, D},
	Publisher = {BIONETS},
	Title = {Paradigms for Biologically-Inspired Autonomic Networks and Services: The BIONETS Project eBook},
	Url = {http://www.bionets.eu},
	Year = {2010},
	Bdsk-Url-1 = {http://www.bionets.eu}}

@book{Anderson2006,
	Author = {Anderson, J A},
	Publisher = {Cambridge University Press},
	Title = {{Automata Theory with Modern Applications}},
	Year = {2006}}

@techreport{Andreka2002,
	Author = {Andr\'eka, H and N\'emetic, I and Madar\'asz, J X},
	Institution = {Electronically available at http://www.math-inst.hu/pub/algebraic-logic/Contents.html},
	Title = {On the logical structure of relativity theories.},
	Year = {2002}}

@article{Andreka2004,
	Author = {Andr{\'e}ka, H and Madar\'asz, J X and N{\'e}meti, I},
	Journal = {JoRMiCS},
	Pages = {27--49},
	Title = {{Algebras of relations of various ranks, some current trends and applications}},
	Volume = 1,
	Year = 2004}

@book{Armstrong1988,
	author = {Armstrong, M A},
	Publisher = {Springer},
	Title = {{Groups and Symmetry}},
	Year = {1988}}

@book{Awodey2006,
	author = {Awodey, S},
	Publisher = {Clarendon Press},
	Title = {{Category Theory}},
	Year = {2006}}

@inproceedings{2,
	Author = {Becks, A and Sklorz, S and Jarke, M},
	Booktitle = {Working Conference on Advanced Visual Interfaces},
	Title = {A modular approach for exploring the semantic structure of technical document collections},
	Year = {May 2000}}
	
@article{Badouel2008,
 author = {Eric Badouel and Maurice Tchoup\'{e} Tchendji},
 title = {Merging Hierarchically-Structured Documents in Workflow Systems},
 journal = {Electron. Notes Theor. Comput. Sci.},
 volume = {203},
 number = {5},
 year = {2008},
 issn = {1571-0661},
 pages = {3--24},
 doi = {http://dx.doi.org/10.1016/j.entcs.2008.05.017},
 publisher = {Elsevier Science Publishers B. V.},
 address = {Amsterdam, The Netherlands, The Netherlands},
 }
 
 @article{BagchiSinha1980,
	title={{Mathematical Modelling on `Pull-Out' Failure of Bone Fibres}},
	author={Bagchi, M C and Sinha, D K},
	journal = {Proceedings of the Indian National Science Academy},
	volume = {46 A},
	number = {6},
	year = {1980},
	pages = {519-524}	
}
	
@book{BarrWells1990,
	author = {Barr, Michael and Wells, Charles},
	editor = {Hoare, C A R},
    	Address = {Hertfordshire, UK},
	Publisher = {Prentice Hall International Ltd},
	Title = {Category Theory for Computing Science},
	Year = {1990}}

@book{Baumann2000,
	author = {Baumann, G},
	Address = {Berlin},
	Publisher = {Springer-Verlag},
	Title = {Symmetry Analysis of Differential Equations with Mathematica},
	Year = {2000}}

@inproceedings{BenAri1981,
	Address = {New York, NY, USA},
	Author = {Ben-Ari, M and Manna, Z and Pnueli, A},
	Booktitle = {POPL '81: Proceedings of the 8th ACM SIGPLAN-SIGACT symposium on Principles of programming languages},
	Doi = {http://doi.acm.org/10.1145/567532.567551},
	Isbn = {0-89791-029-X},
	Location = {Williamsburg, Virginia},
	Pages = {164--176},
	Publisher = {ACM Press},
	Title = {The temporal logic of branching time},
	Year = {1981},
	Bdsk-Url-1 = {http://doi.acm.org/10.1145/567532.567551}}

@book{Bertalanffy1969,
	author = {von Bertalanffy, L},
	 Address = {New York},
	Publisher = {George Braziller},
	Title = {General System Theory: Foundations, Developments, Applications},
	Year = {1969}}

@incollection{Binah2000,
	Author = {Binah, O},
	Booktitle = {{An Introduction to Cardiac Electrophysiology}},
	Editor = {Zaza, A and Rosen, M R},
	Pages = {1-34},
	Publisher = {Harwood Academic Publishers},
	Title = {{Electricity and Electrophysiology}},
	Year = {2000}}

@book{BIONETSD327,
	Author = {Lahti, J and Huusko, J and Miorandi, D and Bassbouss, L and Pfeffer, H and Dini, P and Horv\'ath, G and Elaluf-Calderwood, S and Schreckling, D and Yamamoto, L},
	Publisher = {{BIONETS Deliverable, European Commission}},
	Title = {{D3.2.7: Autonomic Services within the BIONETS SerWorks Architecture}},
	Url = {http://www.bionets.eu},
	Year = {2009}}

@book{Blackburn2001,
	Author = {Blackburn, P and de Rijke, M and Venema, Y},
	Publisher = {Cambridge University Press},
	Title = {Modal Logic},
	Year = {2001}}

@book{BlumanCole1974,
	Author = {Bluman, G W and Cole, J D},
	Publisher = {Springer},
	Title = {{Similarity Methods for Differential Equations}},
	Year = {1974}}

@book{BlumanKumei1989,
	Author = {Bluman, G W and Kumei, S},
	Publisher = {Springer},
	Title = {{Symmetries and Differential Equations}},
	Year = {1989}}

@article{Boghossian2001,
	Author = {Boghossian, P A},
	Journal = {Times Literary Supplement},
	Title = {{What is Social Construction?}},
	Year = {http://philosophy.fas.nyu.edu/docs/IO/1153/socialconstruction.pdf}}

@book{Boole1847,
	Address = {Bristol},
	Author = {Boole, G},
	Publisher = {Thoemmes Press},
	Title = {The Mathematical Analysis of Logic},
	Year = {1998 (1847)}}	

@book{BoergerStaerk2003,
	Author = {B\"orger, E and St\"ark, R},
	Publisher = {Springer-Verlag},
	Title = {Abstract State Machines: A Method for High-Level System Design and Analysis},
	Year = {2003}}

@article{BorghansdeBoerSegel1996,
 author = {Borghans, J A M and de Boer, R J and Segel, L A},
 title = {Extending the Quasi-Steady State Approximation by Changing Variables},
 journal = {Bulletin of Mathematical Biology},
 volume = {58},
 number = {1},
 year = {1996},
 pages = {43-63},
 publisher = {Elsevier Science Inc}
 }

@book{Briscoe2004,
	Url = {http://files.opaals.eu/DBE/deliverables},
	Author = {Briscoe, G},
	Publisher = {DBE Project},
	Title = {{D6.1-Entropy-Based Complexity Measure for the Evolution-Based Self-Organisation of Agent Populations}},
	Year = {2004}}	

@book{BriscoeDeWilde2005a,
	Url = {http://files.opaals.eu/DBE/deliverables},
	Author = {Briscoe, G and De Wilde, P},
	Publisher = {DBE Project},
	Title = {{D6.2-Self-Organisation of Evolving Service Populations}},
	Year = {2005}}

@book{BriscoeDeWilde2005,
	Url = {http://files.opaals.eu/DBE/deliverables},
	Author = {Briscoe, G and De Wilde, P},
	Publisher = {DBE Project},
	Title = {D6.4-Intelligence, learning and neural networks in distributed agent systems},
	Year = {2005}}	

@book{BriscoeDeWilde2006,
	Url = {http://files.opaals.eu/DBE/deliverables},
	Author = {Briscoe, G and De Wilde, P},
	Publisher = {DBE Project},
	Title = {D6.5-The effect of distributed intelligence in evolutionary dynamics},
	Year = {2006}}
	
@inproceedings{BriscoeDini2010,
	Author = {Briscoe, G and Dini, P},
	Booktitle = {{Digital Ecosystems: Proceedings of the 3rd International Conference, OPAALS 2010}},
	Editor = {Colugnati, Fernando A B and Lopes, Lia C R and Barretto, Saulo F A},
	Address = {Aracaju, Sergipe, Brazil, 22-23 March},
	Title = {{Towards Autopoietic Computing}},
	publisher = {Springer LNICST},
	pages = {199-212},
	Year = {2010}}

@book{BriscoeDiniPrabhakar2010,
	Url = {http://files.opaals.eu/OPAALS/Year_4_Deliverables},
	Author = {Briscoe, G and Dini, P and Nehaniv, C and Oros, N and Yinusa, A and Buck, M},
	Publisher = {OPAALS Project},
	Title = {D1.5-Integration of gene expression computing and operational closure in the software ecosystem architecture},
	Year = {2010}}

@article{Buckingham1915,
	Author = {Buckingham, E},
	Journal = {Nature},
	Pages = {396-397},
	Title = {The principle of similitude},
	Volume = {96},
	Year = {1915}}

@book{Cameron2008,
	Address = {Oxford},
	Author = {Cameron, P},
	Publisher = {Oxford University Press},
	Title = {Introduction to Algebra (2nd Ed.)},
	Year = {2008}}

@book{Cameron1998b,
	Address = {London},
	Author = {Cameron, P},
	Publisher = {Springer},
	Title = {Sets, Logic and Categories},
	Year = {1998}}

@book{Cameron1999,
	Address = {Cambridge},
	Author = {Cameron, P},
	Publisher = {Cambridge University Press},
	Title = {{Permutation Groups}},
	Year = {1999}}

@article{Chevalley1955,
	Author = {Chevalley, C},
	Journal = {The Tohoku Mathematical Journal},
	Note = {2nd Series},
	Pages = {14-66},
	Title = {{Sur certains groupes simples}},
	Volume = {7},
	Year = {1955}}

@article{ChuHo2006,
	Author = {Chu, D and Ho, W K},
	Journal = {Artificial Life},
	Pages = {117-134},
	Title = {{A Category Theoretical Argument Against the Possibility of Artificial Life: Robert Rosens Central Proof Revisited}},
	Volume = {12},
	Year = {2006}}

@article{ChuHo2007a,
	Author = {Chu, D and Ho, W K},
	Journal = {Artificial Life},
	Pages = {299�302},
	Title = {{The Localization Hypothesis and Machines}},
	Volume = {13},
	Year = {2007}}

@article{ChuHo2007b,
	Author = {Chu, D and Ho, W K},
	Journal = {Artificial Life},
	Pages = {369�381},
	Title = {{Computational Realizations of Living Systems}},
	Volume = {13},
	Year = {2007}}

@article{CilibertoNovakTyson2005,
	Author = {Ciliberto, A and Novak, B and Tyson, J J},
	Journal = {Cell Cycle},
	Pages = {488-493},
	Title = {{Steady states and oscillations in the p53/mdm2 network}},
	Volume = {4},
	Number = 3,
	Year = {2005}}

@article{CilibertoCapuaniTyson2007,
	Author = {Ciliberto, A and Capuani, F and Tyson, J J},
	Journal = {PLoS Computational Biology },
	Pages = {e45},
	Title = {{Modeling networks of coupled enzymatic reactions using the total quasi-steady state approximation}},
	Volume = {3},
	Number = 3,
	Year = {2007},
	url = {http://www.ploscompbiol.org/article/info\%3Adoi\%2F10.1371\%2Fjournal.pcbi.0030045}}

@article{CiobanuGontineac2005,
	Author = {Ciobanu, G and Gontineac, M},
	Journal = {Fundamenta Informaticae},
	Pages = {93--107},
	Title = {{An Automata Description of the Genetic Message Translation}},
	Volume = {64},
	Year = {2005}}
	
@article{Ciobanu2007,
  author    = {Ciobanu, Gabriel and Rudeanu, Sergiu},
  title     = {Equivalent Transformations of Automata by Using Behavioural Automata},
  journal   = {J. UCS},
  volume    = {13},
  number    = {11},
  year      = {2007},
  pages     = {1540-1549},
  ee        = {http://www.jucs.org/jucs_13_11/equivalent_transformations_of_automata},
  bibsource = {DBLP, http://dblp.uni-trier.de}
}

@inproceedings{Clarke1983,
	Address = {New York, NY, USA},
	Author = {Clarke, E M and Emerson, E A and Sistla, A P},
	Booktitle = {POPL '83: Proceedings of the 10th ACM SIGACT-SIGPLAN symposium on Principles of programming languages},
	Doi = {http://doi.acm.org/10.1145/567067.567080},
	Isbn = {0-89791-090-7},
	Location = {Austin, Texas},
	Pages = {117--126},
	Publisher = {ACM Press},
	Title = {Automatic verification of finite state concurrent system using temporal logic specifications: a practical approach},
	Year = {1983},
	Bdsk-Url-1 = {http://doi.acm.org/10.1145/567067.567080}}

@book{ClarkeGrumbergPeled1999,
	Address = {Cambridge, MA},
	Author = {Clarke, E M and Grumberg, O and Peled, D},
	Publisher = {MIT Press},
	Title = {{Model Checking}},
	Year = {1999}}

@article{CornishBowdenCardenas2008,
	Author = {Cornish-Bowden, A and Cardenas, M L},
	Journal = {Journal of Theoretical Biology},
	Pages = {411--418},
	Title = {{Self-organization at the origin of life}},
	Volume = {252},
	Year = {2008}}

@inproceedings{Crick1967,
	Author = {Crick, F H C},
	Booktitle = {Proceedings of the Royal Society of London. Series B, Biological Sciences},
	Pages = {331-347},
	Publisher = {Vol 167},
	Title = {{The Croonian Lecture, 1966: The Genetic Code}},
	Year = {1967}}

@book{Currie2003,
	Address = {New York},
	Author = {Currie, I G},
	Publisher = {Marcel Dekker},
	Title = {{Fundamental Mechanics of Fluids, 3rd Ed.}},
	Year = {2003}}

@article{CusumanoMoon1995,
	Author = {Cusumano, J P and Moon, F C},
	Journal = {Journal of Sound and Vibration},
	Volume = {179},
	Number = {2},
	Pages = {185-208, 209-226},
	Title = {Chaotic non-planar vibrations of the thin elastica Parts {I} \& {II}},
	Year = {1995}}

@article{Daigneault1964,
	Author = {Daigneault, A},
	Journal = {Transactions of the American Mathematical Society},
	Number = {1},
	Pages = {84--130},
	Title = {On Automorphisms of Polyadic Algebras },
	Volume = {112},
	Year = {1964}}

@book{Dawkins1989,
	Author = {Dawkins, R},
	Publisher = {Oxford},
	Title = {{The Selfish Gene (2nd Ed.)}},
	Year = {1989}}

@book{DeCastroTimmis2002,
  title = {{Artificial Immune Systems: A New Computational Intelligence Approach}},
  publisher = {Springer},
  year = {2002},
  month = nov,
  edition = {1},
  author = {De Castro, L N and Timmis, J},
  address = {London}
}

@book{Devaney1989,
	Author = {Devaney, R L},
	Publisher = {Perseus Books},
	Title = {{An Introduction to Chaotic Dynamical Systems}},
	Year = {1989}}

@book{Dini2004,
	Url = {http://files.opaals.eu/DBE},
	Author = {Dini, P and Berdou, E},
	Publisher = {DBE Project},
	Title = {D18.1-Report on DBE-Specific Use Cases},
	Year = {2004}}

@misc{Dini2005,
	Url = {http://www.biomicsproject.eu/file-repository/category/27-public-publications-techrep},
	Author = {Dini, P},
	Publisher = {DBE Project},
	Title = {{Basic Facts about Symmetries of ODEs}},
	Year = {2005}}

@book{Dini2006,
	Url = {http://files.opaals.eu/DBE},
	Author = {Dini, P},
	Publisher = {DBE Project},
	Title = {D4.1-DBE Science Vision},
	Year = {2006}}

@book{Dini2007a,
	Url = {http://files.opaals.eu/DBE},
	Author = {Dini, P},
	Publisher = {DBE Project},
	Title = {D18.4-Report on self-organisation from a dynamical systems and computer science viewpoint},
	Year = {2007}}

@book{Dini2007b,
	Address = {http://files.opaals.eu/DBE},
	Author = {Dini, P},
	Publisher = {DBE Project},
	Title = {D18.6-5-Year living roadmap for Digital Ecosystems research in biology-inspired computing},
	Year = {2007}}

@incollection{Dini2007c,
	Author = {Dini, P},
	Booktitle = {Digital {B}usiness {E}cosystems},
	Editor = {F Nachira and A Nicolai and P Dini and M Le Louarn and L Rivera Leon},
	Pages = {24-47},
	Publisher = {European {C}ommission},
	Title = {A Scientific Foundation for Digital Ecosystems},
	Year = {2007}}

@inproceedings{DiniSchreckling2008,
	Author = {Dini, P and Schreckling, D},
	Booktitle = {{2nd International Conference on Digital Ecosystems and Technologies, IEEE-DEST 2008, 26-29 February}},
	Title = {{Notes on Abstract Algebra and Logic: Towards their Application to Cell Biology and Security}},
	Year = {2008}}

@inproceedings{DiniSchreckling2007,
	Author = {Dini, P and Schreckling, D},
	Booktitle = {{1st OPAALS Workshop, Rome, 26-27 November}},
	Title = {{More Notes on Abstract Algebra and Logic: Towards their Application to Cell Biology and Security}},
	Year = {2007}}
	
@book{Dinietal2008a,
	Author = {Dini, P and Briscoe, G and Munro, A J and Lain, S},
	Publisher = {{OPAALS Deliverable, European Commission}},
	Title = {{D1.1: Towards a Biological and Mathematical Framework for Interaction Computing}},
	Url = {http://files.opaals.eu/OPAALS/ Year\_2\_Deliverables/WP01/},
	Year = {2008}}

@book{Dinietal2008b,
	Author = {Dini, P and Munro, A J and Iqani, M and Zeller, F and Moschoyiannis, S and Gabaldon, J and Nykanen, O},
	Publisher = {{OPAALS Deliverable, European Commission}},
	Title = {{D1.2: Foundations of the Theory of Associative Autopoietic Digital Ecosystems: Part 1}},
	Url = {http://files.opaals.eu/OPAALS/Year\_2\_Deliverables/WP01/},
	Year = {2008}}

@book{DiniSchrecklingYamamoto2008,
	Author = {Dini, P and Schreckling, D and Yamamoto, L},
	Publisher = {{BIONETS Deliverable, European Commission}},
	Title = {{D2.2.4: Evolution and Gene Expression in BIONETS: A Mathematical and Experimental Framework}},
	Url = {http://www.bionets.eu},
	Year = {2008}}

@book{DiniHorvathSchrecklingPfeffer2009,
	Author = {Dini, P and Horv\'ath, G and Schreckling, D and Pfeffer, H},
	Publisher = {{BIONETS Deliverable, European Commission}},
	Title = {{D2.2.9: Mathematical Framework for Interaction Computing with Applications to Security and Service Choreography}},
	Url = {http://www.bionets.eu},
	Year = {2009}}
	
@inproceedings{DiniSchreckling2010,
	Author = {Dini, P and Schreckling, D},
	Booktitle = {{Digital Ecosystems: Proceedings of the 3rd International Conference, OPAALS 2010}},
	Editor = {Colugnati, Fernando A B and Lopes, Lia C R and Barretto, Saulo F A},
	Address = {Aracaju, Sergipe, Brazil, 22-23 March},
	Title = {{A Research Framework for Interaction Computing}},
	publisher = {Springer LNICST},
	pages = {224-244},
	Year = {2010}}

@inproceedings{DiniSchreckling2010b,
	Author = {Dini, P and Schreckling, D},
	Booktitle = {{Paradigms for Biologically-Inspired Autonomic Networks and Services: The BIONETS Project eBook}},
	Title = {{On Abstract Algebra and Logic: Towards their Application to Cell Biology and Security}},
	Editor = {Altman, E and Dini, P and Miorandi, D and Schreckling, D},
	Year = {2010},
	Url = {http://www.bionets.eu}
}

@inproceedings{DiniSchrecklingHorvath2010c,
	Author = {Dini, P and Schreckling, D and Horv\'ath, G},
	Booktitle = {{Paradigms for Biologically-Inspired Autonomic Networks and Services: The BIONETS Project eBook}},
	Title = {{Algebraic and Categorical Framework for Interaction Computing and Symbiotic Security}},
	Editor = {Altman, E and Dini, P and Miorandi, D and Schreckling, D},
	Year = {2010},
	Url = {http://www.bionets.eu}
}

@inproceedings{Dini2008,
	Author = {Dini, P},
	Booktitle = {{2nd OPAALS Conference, Tampere, 7-8 October}},
	Title = {{Notes on Relational Biology and Elementary Category Theory}},
	Year = {2008}}

@book{Dinietal2009,
	Author = {Dini, P and Briscoe, G and Van Leeuwen, I and Munro, A J and Lain, S},
	Publisher = {{OPAALS Deliverable, European Commission}},
	Title = {{D1.3: Biological Design Patterns of Autopoietic Behaviour in Digital Ecosystems}},
	Url = {http://files.opaals.eu/OPAALS/Year\_3\_Deliverables/WP01/},
	Year = {2009}}

@book{DiniIqanietal2009,
	Author = {Dini, P and Iqani, M and Rivera-Le\'on, R and Passani, A and Moschoyiannis, S and Nyk\"anen, O and Pattanaik, D and Chatterjee, J},
	Publisher = {{OPAALS Deliverable, European Commission}},
	Title = {{D12.10: Foundations of the Theory of Associative Autopoietic Digital Ecosystems: Part 3}},
	Url = {http://files.opaals.eu/OPAALS/Year\_3\_Deliverables/WP12/},
	Year = {2009}}

@book{DiniEgriNagyLeeuwen2010,
	Author = {Dini, P and Egri-Nagy, A and Nehaniv, C L and Schilstra,  	M J and Van Leeuwen, I and Munro, A J and Lain, S},
	Publisher = {{OPAALS Deliverable, European Commission}},
	Title = {{D1.4: Mathematical Models of Gene Expression 
	Computing}},
	Url = {http://files.opaals.eu/OPAALS/Year\_4\_Deliverables/WP01/},
	Year = {2010}}

@inproceedings{DiniNehanivEgriNagySchilstra2012,
	Author = {Dini, P and Nehaniv, C L and Egri-Nagy, A and  Schilstra, M J},
	Booktitle = {{IPCAT2012: 9th International Conference on Information Processing in Cells and Tissues}},
	Editor = {Lones, M and Smith, S L and Teichmann, S and Naef, F and Walker, J A and Trefzer, M A},
	Address = {Cambridge, UK, 30 March-2 April},
	Title = {{Algebraic Analysis of the Computation in the Belousov-Zhabotinsky Reaction}},
	publisher = {Springer LNCS 7223 (Short paper)},
	pages = {216-224},
	Year = {2012}}

@article{DiniNehanivEgriNagySchilstra2013,
	Author = {Dini, P and Nehaniv, C L and Egri-Nagy, A and  Schilstra, M J},
	Journal = {{BioSystems}},
	Pages = {145-162},
	Title = {{Exploring the Concept of Interaction Computing through the Discrete Algebraic Analysis of the Belousov-Zhabotinsky Reaction}},
	Volume = {112},
	Number={2},
	Year = {2013}}

@article{DiniIqaniMansell2011,
	Author = {P Dini and M Iqani and R E Mansell},
	Journal = {{Journal of Culture, Theory and Critique}},
	Pages = {3-27},
	Title = {{The (Im)Possibility of Interdisciplinarity: Lessons from Constructing a Theoretical Framework for Digital Ecosystems}},
	Volume = {52},
	Number={1},
	Year = {2011}}

@inproceedings{DiniSartori2013,
	Author = {P Dini and L Sartori},
	Booktitle = {{EINS2013: 1st International Conference on Internet Science}},
	Address = {10-11 April},
	Title = {{Science as Social Construction: An Inter-Epistemological Dialogue between Two Internet Scientists on the Inter-Epistemological Structure of Internet Science, Part 1}},
	Year = {2013}}


@misc{DiniNehaniv2013,
  Author =       {P Dini and C L Nehaniv},
  Title =        {{Notes on Interdependent Networks: Commutativity Conditions for the Adjacency
  Matrices of Graphs and Digraphs}},
  Note = {{University of Hertfordshire Computer Science Technical Report}},
  month= {February},
  Year =         {2013}}

@book{D111,
	Author = {Dini, P and Nehaniv, C L and Schilstra, M J and Karimi, F and Horv\'ath, G and Muzsnay, Z and Christodoulides, K and Boniv\'art, \'A and den Breems, N and Munro, A J and Egri-Nagy, A},
	Publisher = {{BIOMICS Deliverable, European Commission}},
	Title = {{D1.1.1: Tractable Dynamical and Biological Systems for Numerical Discrete, and Lie Group Analysis}},
	Url = {http://biomicsproject.eu/file-repository/category/11-public-files-deliverables},
	Year = {2013}}

@book{D112,
	Author = {Dini, P and den Breems, N Y and Munro, A J},
	Publisher = {{BIOMICS Deliverable, European Commission}},
	Title = {{D1.1.2: ODE and Automata Analysis of Cell Metabolic and Regulatory Pathways}},
	Url = {http://biomicsproject.eu/file-repository/category/11-public-files-deliverables},
	Year = {2014}}
	
@book{D331-3Queens,
	Author = {Rothstein, E M and Dini, P and Nehaniv, C L and Schreckling, D and Egri-Nagy, A},
	Publisher = {{BIOMICS Deliverable, European Commission}},
	Title = {{D3.3.1: Algebraic Analysis of Simple Computer Science Systems}},
	Url = {http://biomicsproject.eu/file-repository/category/11-public-files-deliverables},
	Year = {2013}}

@book{D332,
	Author = {Dini, P and Rothstein, E M and Schreckling, D and Nehaniv, C L and Egri-Nagy, A},
	Publisher = {{BIOMICS Deliverable, European Commission}},
	Title = {{D3.3.2: Algebraic Analysis of More Complex Computer Science Systems with Specific Security Properties}},
	Url = {http://biomicsproject.eu/file-repository/category/11-public-files-deliverables},
	Year = {2014}}

@article{Dittrich2001,
  author = {Peter Dittrich and Jens Ziegler and Wolfgang Banzhaf},
  year = 2001,
  title = {{Artificial Chemistries -- A Review}},
  journal = {Artificial Life},
  volume = 7,
  number = 3,
  pages = {225-275}
}

@inproceedings{Dittrich2004,
  author = {Peter Dittrich},
  title = {{Chemical Computing}},
  booktitle = {Unconventional Programming Paradigms (UPP 2004)},
  publisher = {Springer LNCS 3566},
  pages = {19-32},
  year = 2005,
  editor = {J.-P. Ban\^{a}tre and J.-L. Giavitto and P. Fradet and O. Michel},
  url = {http://www.minet.uni-jena.de/~dittrich/}
}

@article{MatsumaruEtAl2007,
  author = {Matsumaru, N and Centler, F and Speroni di Fenizio, P and Dittrich, P},
  year = 2007,
  title = {{Chemical Organization Theory as a Theoretical Base for Chemical Computing}},
  journal = {International Journal of Unconventional Computing},
  volume = 3,
  number = 4,
  pages = {285-309}
}

@article{DittrichSperoni2007,
  author = {Dittrich, P and Speroni di Fenizio, P},
  year = 2007,
  title = {{Chemical Organization Theory}},
  journal = {Bulletin of Mathematical Biology},
  volume = 69,
  number = 4,
  pages = {1199-1231}
}

@article{Dittrich2008,
  author = {Centler, F and Kaleta, C and Speroni di Fenizio, P and Dittrich, P},
  title = {{Computing Chemical Organizations in Biological Networks}},
  journal = {Bioinformatics},
  volume = 24,
  number = 14,
  pages = {1611-1618},
  year = 2008
}

@incollection{Dittrich2009,
	Author = {Dittrich, P},
	Booktitle = {{Encyclopedia of Complexity and System Science}},
	Editor = {Meyers, B},
	Pages = {113-136},
	Title = {{Artificial Chemistry}},
	Publisher = {Springer},
	Year = {2009}}

@book{DixonMortimer1996,
		Author={Dixon, J D and Mortimer, B},
		Address={New York},
		Publisher={Springer},
		Title={{Permutation Groups}},
		Year={1996}}

@book{DomosiNehaniv2005,
	Address = {Philadelphia},
	Author = {D\"om\"osi, P and Nehaniv, C L},
	Publisher = {SIAM Series on Discrete Mathematics and Applications},
	Title = {{Algebraic Theory of Automata Networks: An Introduction}},
	volume=11,
	Year = {2005}}

@article{Dusek2002,
	Author = {Dusek, V},
	Journal = {{Human Nature Review}},
	Pages = {367--374},
	Title = {Lewontin's Living Legacy: Levels of Selection and Organismic Construction of the Environment},
	Volume = {2},
	Year = {2002}}

@Misc{sgpdec2014,
  	author = {A Egri-Nagy and C L Nehaniv and J D Mitchell},
  	title = {{\SgpDec -- Hierarchical Decompositions and Coordinate Systems, Version 0.7.29}},
  	howpublished = { \verb+(http://sgpdec.sf.net)+},
  	year = 2014}

@article{EdwardsNucci2006,
  title={Application of Lie group analysis to a core group model for sexually transmitted diseases},
  author={Edwards, Maureen and Nucci, MC},
  journal={Journal of Nonlinear Mathematical Physics},
  volume={13},
  number={2},
  pages={211-230},
  year={2006}
}

@article{EgriNagyNehaniv2008a,
	author={A Egri-Nagy and C L Nehaniv},
	title="Hierarchical Coordinate Systems for Understanding Complexity and its Evolution with Applications to Genetic Regulatory Networks",
	journal={Artificial Life},
	note={\ (Special Issue on the Evolution of Complexity),  },
	volume=14,
	number=3,
	pages={299--312},
	year={2008}}	

@inproceedings{EgriNagyDiniNehanivSchilstra2010,
	Author = {Egri-Nagy, A and Dini, P and Nehaniv, C L and Schilstra, M J},
	Booktitle = {{Digital Ecosystems: Proceedings of the 3rd International Conference, OPAALS 2010}},
	Editor = {Colugnati, Fernando A B and Lopes, Lia C R and Barretto, Saulo F A},
	Address = {Aracaju, Sergipe, Brazil, 22-23 March},
	Title = {{Transformation Semigroups as Constructive Dynamical Spaces}},
	publisher = {Springer LNICST},
	pages = {245-265},
	Year = {2010}}

@inproceedings{EgriNagyNehanivSchilstra2009,
	Author = {Egri-Nagy, A and Nehaniv, C L and Schilstra, M J},
	Booktitle = {Information Processing in Cells and Tissues, IPCAT09  Conference},
	Address = {Journal preprint, 5-9 April},
	Title = {Symmetry Groups in Biological Networks},
	Year = {2009}}

@inproceedings{EgriNagyMitchellNehaniv2011,
	Author = {Egri-Nagy, A and Mitchell, J D and Nehaniv, C L},
	Booktitle = {{Automata and Formal Languages: Proc. 13th Intern. Conference AFL2011}},
	Editor = {D\"om\"osi, P and Iv\'an, S},
	Address = {Debrecen, Hungary, 17-22 Aug},
	Title = {{Algorithms for the Efficient Calculation of the Holonomy Decomposition}},
	publisher = {{Institute of Mathematics and Informatics, College of Ny\'iregyh\'aza}},
	Year = {2011}}

@article{EgriNagyNehaniv2013,
	Author = {Egri-Nagy, A and Nehaniv, C L},
	howpublished = {arXiv},
	Title = {{Cascade Product of Permutation Groups}},
	Note = {http://arxiv.org/abs/1303.0091},
	Year = {2013}}

@ARTICLE{Ehrig1998,
    author = {H. Ehrig and M. Gro{\ss}e--Rhode and U. Wolter},
    title = {Applications of category theory to the area of algebraic specification in computer science},
    journal = {In LNCS , Proc. WADT11},
    year = {1998},
    volume = {6},
    pages = {1--35}
}

@article{EigenSchuster1978,
	Author = {Eigen, M and Schuster, P},
	Journal = {Naturwissenschaften},
	Title = {{The Hypercycle}},
	Volume = {65},
	Number = {1},
	Year = {1978}}

@book{Eilenberg1974,
	Address = {New York},
	Author = {S Eilenberg},
	Publisher = {Academic Press},
	Title = {{Automata, Languages, and Machines, Vol A}},
	Year = {1974}}

@book{Eilenberg1976,
	Address = {New York},
	Author = {S Eilenberg},
	Publisher = {Academic Press},
	Title = {{Automata, Languages, and Machines, Vol B}},
	Year = {1976}}

@book{ErdmannWildon2006,
	Address = {London},
	Author = {Erdmann, K and Wildon, M J},
	Publisher = {Springer},
	Title = {Introduction to Lie Algebras},
	Year = {2006}}

@article{Etessami2002,
	Author = {Etessami, K  and Vardi, M Y  and Wilke, T },
	Citeulike-Article-Id = {53121},
	Doi = {10.1006/inco.2001.2953},
	Issn = {0890-5401},
	Journal = {Information and Computation},
	Month = {December},
	Number = {2},
	Pages = {279--295},
	Publisher = {Academic Press},
	Title = {First-Order Logic with Two Variables and Unary Temporal Logic},
	Url = {http://dx.doi.org/10.1006/inco.2001.2953},
	Volume = {179},
	Year = {2002},
	Bdsk-Url-1 = {http://dx.doi.org/10.1006/inco.2001.2953},
	Bdsk-Url-2 = {http://dx.doi.org/10.1006/inco.2001.2953}}

@article{FelixLabbeDoreeHuntKarsenti1990,
	Author = {F\'elix, M-A and Labb\'e, J-C and Dor\'ee, M and Hunt, T and Karsenti, E},
	Journal = {{Nature}},
	Pages = {379-382},
	Title = {{Triggering of cyclin degradation in interphase extracts of amphibian eggs by cdc2 kinase}},
	Volume = {346},
	Year = {1990}}

@article{Falkowski1999,
	Address = {Washington, DC, USA},
	Author = {Falkowski, B J},
	Doi = {http://dx.doi.org/10.1109/12.795128},
	Issn = {0018-9340},
	Journal = {{IEEE Trans. Comput.}},
	Number = {8},
	Pages = {860--864},
	Publisher = {{IEEE Computer Society}},
	Title = {{A Note on the Polynomial Form of Boolean Functions and Related Topics}},
	Volume = {48},
	Year = {1999},
	Bdsk-Url-1 = {http://dx.doi.org/10.1109/12.795128}}

@article{FerrellYuChenYang2011,
	Author = {Ferrel, J E and Yu-Chen Tsai, T and Yang, Q},
	Journal = {{Cell}},
	Number = {3},
	Pages = {874-885},
	Title = {{Modeling the Cell Cycle: Why Do Certain Circuits Oscillate?}},
	Volume = {144},
	Year = {2011}}

@book{Fielding2000,
	Url = {http://www.ics.uci.edu/~fielding/pubs/dissertation/top.htm},
	Author = {Fielding, R},
	Publisher = {{UC Irvine PhD Dissertation}},
	Title = {{Architectural Styles and the Design of Network-based Software Architectures}},
	Year = {2000}}

@article{FieldNoyes1974,
	Author = {Field, R J and Noyes, R M},
	Journal = {{Journal of Chemical Physics}},
	Number = {5},
	Pages = {1877--1884},
	Title = {{Oscillations in chemical systems IV. Limit cycle behavior in a model of a real chemical reaction}},
	Volume = {60},
	Year = {1974}}

@book{Fitting1996,
	Address = {Secaucus, NJ, USA},
	Author = {Fitting, M},
	Isbn = {0-387-94593-8},
	Publisher = {Springer-Verlag New York, Inc.},
	Title = {First-order logic and automated theorem proving (2nd Ed.)},
	Year = {1996}}

@book{Florman1976,
	Address = {New York},
	Author = {Florman, S F},
	Publisher = {St Martin's Press},
	Title = {The Existential Pleasures of Engineering},
	Year = {1976}}

@article{ForgerHornosHornos1997,
  title={Global aspects in the algebraic approach to the genetic code},
  author={Forger, M and Hornos, Y M M and Hornos, J E M},
  journal={Physical Review E},
  volume={56},
  number={6},
  pages={7078},
  year={1997},
  publisher={APS}
}

@incollection{Frougny2000,
	Author = {Frougny, C},
	Booktitle = {{Topics in Symbolic Dynamics and Applications}},
	Editor = {Blanchard, F and Maas, A and Nogueira, A},
	Pages = {207-228},
	Series = {London Mathematical Society Lecture Notes Series},
	Title = {{Number Representation and Finite Automata}},
	Volume = {279},
	Publisher = {Cambridge University Press},
	Year = {2000}}

@inproceedings{GabrielGoldman2006,
	Author = {Gabriel, R P and Goldman, R},
	Booktitle = {OOPSLA06, Portland, Oregon, 22-26 October},
	Title = {Conscientious Software},
	Year = {2006}}

@inproceedings{Galler1957,
	Author = {Galler, B A},
	Booktitle = {Proceedings of the American Mathematical Society},
	Number = {1},
	Pages = {176-183},
	Title = {Cylindric and Polyadic Algebras},
	Volume = {8},
	Year = {1957}}

@book{Gehrke2001,
	Address = {Electronically available at http://www.helsinki.fi/esslli/courses/readers/K15.pdf, Helsinki, Finland},
	Author = {Gehrke, M and Venema, Y},
	Publisher = {European Summer School in Logic, Language and Information},
	Title = {Algebraic Tools for Modal Logic},
	Year = {2001}}

@article{GevaZatorskyRosenfeldetal2006,
	Author = {Geva-Zatorsky, N and Rosenfeld, N and Itzkovitz, S and Milo, R and Sigal, A and Dekel, E and Yarnitzky, T and Liron, Y and Polak, P and Lahav, G and Alon, U},
	Journal = {{Molecular Systems Biology}},
	Title = {{Oscillations and variability in the p53 system}},
	Volume = {2},
	Year = {2006}}

@article{Gillespie1976,
	Author = {Gillespie, D T},
	Journal = {{Journal of Computational Physics}},
	Pages = {403-434},
	Title = {{A general method for numerically simulating the stochastic time evolution of coupled chemical reactions}},
	Volume = {22},
	Year = {1976}}

@book{Ginzburg1968,
	Address = {New York},
	Author = {Ginzburg, A},
	Publisher = {Academic Press},
	Title = {Algebraic Theory of Automata},
	Year = {1968}}

@book{Goldblatt1984,
	Address = {Amsterdam, Netherlands},
	Author = {Goldblatt, R},
	Publisher = {Elsevier Science Publishers B.V.},
	Title = {Topoi - The Categorical Analysis of Logic},
	Year = {1984}}

@article{GoldbeterKoshland1981,
	Author = {Goldbeter, A and Koshland, D E},
	Journal = {Proceedings of the National Academy of Science},
	Pages = {6840-6844},
	Title = {{An amplified sensitivity arising from covalent modification in biological systems}},
	Volume = {78},
	Number = {11},
	Year = {1981}}

@article{GoldbeterKoshland1982,
	Author = {Goldbeter, A and Koshland, D E},
	Journal = {Quarterly Review of Biophysics},
	Pages = {555-591},
	Title = {{Sensitivity amplification in biochemical systems
	arising from covalent modification in biological systems}},
	Volume = {15},
	Number = {3},
	Year = {1982}}

@article{Goldbeter1991,
	Author = {Goldbeter, A},
	Journal = {Proceedings of the National Academy of Science},
	Pages = {9107-9111},
	Title = {{A minimal cascade model for the mitotic oscillator involving cyclin and cdc2 kinase}},
	Volume = {88},
	Year = {1991}}

@book{Goldbeter1996,
	Author = {Goldbeter, A},
	Publisher = {Cambridge University Press},
	Title = {Biochemical Oscillations and Cellular Rhythms},
	Year = {1996}}

@InProceedings{GoldingWegner2005,
  author = 	 {D Golding and P Wegner},
  title = 	 {The {C}hurch-{T}uring Thesis: Breaking the Myth},
  booktitle = {Computability in Europe (CiE) conference series},
  year = 	 {2005}
}

@article{GolubitskyStewart2006,
	Author = {Golubitsky, M and Stewart, I},
	Journal = {Bulletin of the American Mathematical Society},
	Pages = {305-364},
	Title = {{Nonlinear Dynamics of Networks: The Groupoid Formalism}},
	Volume = {43},
	Year = {2006}}

@article{Gordon1976,
	Author = {Gordon, J A},
	Journal = {Electronics Letters},
	Pages = {663-664},
	Title = {{Very Simple Method to Find the Minimum Polynomial of an Arbitrary Non-Zero Element of a Finite Field}},
	Volume = {12},
	Year = {1976}}

@Misc{GroupExplorer,
  author =       {Carter, N},
  title =        {Group Explorer -- software package for the visualisation of groups},
  howpublished = { \verb+(http://groupexplorer.sourceforge.net)+},
  year =         {2008}}

@book{GuckenheimerHolmes1983,
	Author = {Guckenheimer, J and Holmes, P},
	Publisher = {Springer},
	Title = {{Nonlinear Oscillations, Dynamical Systems, and Bifurcations of Vector Fields}},
	Year = {1983}}

@article{Hadamard1898,
	Author = {Hadamard, J},
	Journal = {Journal de Mathematiques Pures et Appliqu\'e},
	Pages = {27-73},
	Title = {Les surfaces a courbures oppos\'es et leurs lignes geodesiques}, 
	Volume = {4},
	Year = {1898}}

@book{Hall2003,
	Author = {Hall, B},
	Publisher = {Springer GTM},
	Title = {{Lie Groups, Lie Algebras, and Representations: An Elementary Introduction}},
	Year = {2003}}

@book{Hall1976,
	Author = {Hall, M},
	Publisher = {AMS Chelsea},
	Title = {{The Theory of Groups (2nd Ed.)}},
	Year = {1976}}

@article{Halmos1956,
	Author = {Halmos, P R},
	Journal = {Composito Mathematica},
	Pages = {217--249},
	Title = {Algebraic Logic, I. Monadic boolean algebras},
	Volume = {12},
	Year = {1956}}

@book{Halmos1958,
	Author = {Halmos, P R},
	Publisher = {Springer},
	Title = {{Finite-Dimensional Vector Spaces}},
	Year = {1958}}

@book{Halmos1962,
	Author = {Halmos, P R},
	Publisher = {AMS},
	Title = {Algebraic Logic},
	Year = {2007 (1962)}}

@article{HamstraBhojaniGrinetal2006,
	Author = {Hamstra, D A and Bhojani, M S and Grin, L B and Laxman, B and Ross, B D and Rehemtulla, A},
	Journal = {Cancer Research},
	Pages = {7482-7489},
	Title = {Real-time evaluation of p53 oscillatory behavior in vivo using bioluminescent imaging},
	Volume = {66},
	Number = 15,
	Year = {2006}}

@book{HartmanisStearns1966,
	Author = {Hartmanis, J and Stearns, R E},
	Publisher = {Prentice-Hall},
	Title = {{Algebraic Structure Theory of Sequential Machines}},
	Year = {1966}}
	
@INPROCEEDINGS{Hasuo2006,
    author = {Ichiro Hasuo and Bart Jacobs and Ana Sokolova},
    title = {Generic trace theory},
    booktitle = {International Workshop on Coalgebraic Methods in Computer Science (CMCS 2006), volume 164 of Elect. Notes in Theor. Comp. Sci},
    year = {2006},
    pages = {47--65},
    publisher = {Elsevier}
}

@article{Hayes2005,
	Author = {Hayes, B},
	Journal = {{American Scientist}},
	Pages = {104-108},
	Title = {{Why W?}},
	Volume = {93},
	Number = {2},
	Year = {2005}}

@article{Head1987,
	Author = {Head, T},
	Journal = {Bulletin of Mathematical Biology},
	Pages = {737-759},
	Title = {{Formal language theory and DNA: An analysis of the generative capacity of specific recombinant behaviors}},
	Volume = {49},
	Year = {1987}}

@book{Heistracheretal2005,
	Url = {http://files.opaals.eu/DBE/deliverables},
	Author = {Heistracher, T and Kurz, T and Marcon, G and Masuch, C},
	Publisher = {DBE Project},
	Title = {D9.1-Report on Fitness Landscape},
	Year = {2005}}

@book{Henkin1971,
	Address = {Amsterdam},
	Author = {Henkin, L and Monk, J D and Tarski, A},
	Isbn = {0-7204-2043-1},
	Publisher = {North-Holland},
	Title = {Cylindric Algebras},
	Year = {1971}}

@incollection{HeylighenJoslyn2001a,
	Author = {Heylighen, F and Joslyn, C},
	Booktitle = {Encyclopedia of Physical Science \& Technology, Vol 4 (3rd Ed)},
	Editor = {R Meyers},
	Pages = {155-170},
	Publisher = {New York: Academic Press},
	Title = {Cybernetics and Second-Order Cybernetics},
	Year = {2001a}}

@book{HG1998,
	Address = {Washington, DC},
	Author = {Halmos, P R and Givant, S},
	Publisher = {The Mathematical Association of America},
	Title = {Logic as Algebra},
	Volume = {21 of Dolciani Mathematical Expositions},
	Year = {1998}}

@book{HirschSmaleDevaney2004,
	Address = {Amsterdam},
	Author = {Hirsch, M W and Smale, S and Devaney, R L},
	Publisher = {Elsevier},
	Title = {{Differential Equations, Dynamical Systems, and an Introduction to Chaos}},
	Year = {2004}}

@book{Holcombe1982,
	Author = {Holcombe, W},
	Publisher = {Cambridge University Press},
	Title = {Algebraic Automata Theory},
	Year = {1982}}

@book{Hollis1994,
	Author = {Hollis, M},
	Publisher = {Cambridge},
	Title = {The Philosophy of Social Science: An Introduction, 2nd Ed},
	Year = {1994}}

@article{HornosHornos1993,
  title={Algebraic model for the evolution of the genetic code},
  author={Hornos, J E M and Hornos, Y M M},
  journal={Physical Review Letters},
  volume={71},
  number={26},
  pages={4401},
  year={1993},
  publisher={APS}
}

@book{Horvath2008,
	Address = {PhD Dissertation},
	Author = {Horv\'ath, G},
	Publisher = {The University of Hertfordshire},
	Title = {{Functions and Polynomials over Finite Groups from the Computational Perspective}},
	Year = {2008}}

@inproceedings{HorvathDini2010,
	Author = {Horv\'ath, G and Dini, P},
	Booktitle = {{Digital Ecosystems: Proceedings of the 3rd International Conference, OPAALS 2010}},
	Editor = {Colugnati, Fernando A B and Lopes, Lia C R and Barretto, Saulo F A},
	Address = {Aracaju, Sergipe, Brazil, 22-23 March},
	Title = {{Lie Group Analysis of p53-mdm2 Pathway}},
	publisher = {Springer LNICST},
	pages = {285-304},
	Year = {2010}}


@book{BIOMICSD12,
	Author = {Figula, \'A and Gselmann, E and Horv\'ath, G and Muzsnay, Z},
	Publisher = {{BIOMICS Deliverable, European Commission}},
	Title = {{D1.2: Lie Group Analysis of Biological Systems}},
	Url = {http://biomicsproject.eu/file-repository/category/11-public-files-deliverables},
	Year = {2014}}

@book{BIOMICSD131,
	Author = {Halasi, Z and Horv\'ath, G and Podoski, K},
	Publisher = {{BIOMICS Deliverable, European Commission}},
	Title = {{D1.3.1: Introduction to the Chevalley Correspondence between Lie Groups and SNAGs}},
	Url = {http://biomicsproject.eu/file-repository/category/11-public-files-deliverables},
	Year = {2013}}

@book{BIOMICSD132,
	Author = {Figula, \'A and Halasi, Z and Horv\'ath, G and Podoski, K},
	Publisher = {{BIOMICS Deliverable, European Commission}},
	Title = {{D1.3.2: Examples Based on the Chevalley Correspondence between Lie Groups
and SNAGs}},
	Url = {http://biomicsproject.eu/file-repository/category/11-public-files-deliverables},
	Year = {2014}}

@article{Howe1983,
 author = {Howe, R},
 title = {{Very Basic Lie Theory}},
 journal = {Americal Mathematical Monthly},
 volume = {90},
 number = {9},
 year = {1983},
 pages = {600-623},
 }

@book{Hydon2000,
	Author = {Hydon, P E},
	Publisher = {Cambridge University Press},
	Title = {Symmetry Methods for Differential Equations: A Beginner's Guide},
	Year = {2000}}

@book{Ibragimov1985,
	author = {Ibragimov, N H},
	title = {{Transformation Groups Applied to Mathematical Physics}},
	publisher = {Reidel},
	address = {Dordrecht},
	year = {1985}
}

@article{Ibragimov1992,
	author = {Ibragimov, N K},
	title = {{Group analysis of ordinary differential equations and the invariance principle in mathematical physics (for the 150th anniversary of Sophus Lie)}},
	journal = {Russian Mathematical Surveys},
	volume = {47},
	number = {4},
	year = {1992},
	pages = {89-156}
}

@book{IbragimovNH1993,
	Author={Ibragimov, N H},
	Publisher={Taylor \& Francis},
	Title={{CRC Handbook of Lie Group Analysis of Differential Equations: Symmetries,
Exact Solutions, and Conservation Laws}},
	Year={1993}
}

@book{IbragimovNH1994,
	Author={Ibragimov, N H},
	Publisher={Taylor \& Francis},
	Title={{CRC Handbook of Lie Group Analysis of Differential Equations: Applications in
Engineering and Physical Sciences}},
	Year={1994}
}

@book{IbragimovNH1995,
	Author={Ibragimov, N H},
	Publisher={Taylor \& Francis},
	Title={{CRC Handbook of Lie Group Analysis of Differential Equations}},
	Year={1995}
}


@article{IbragimovIbragimov2012,
author = {Ibragimov, N H and Ibragimov, R N},
title = {{Applications of Lie Group Analysis to Mathematical Modelling in Natural Sciences}},
journal = {Mathematical Modelling of Natural Phenomena},
volume = {7},
issue = {02},
year = {2012},
pages = {52-65}
}


@article{Jacobs2002,
 author = {Bart Jacobs},
 title = {The temporal logic of coalgebras via Galois algebras},
 journal = {Mathematical. Structures in Comp. Sci.},
 volume = {12},
 number = {6},
 year = {2002},
 issn = {0960-1295},
 pages = {875--903},
 doi = {http://dx.doi.org/10.1017/S096012950200378X},
 publisher = {Cambridge University Press},
 address = {New York, NY, USA},
 }

 @book{Jacobs2005,
	Author={Bart Jacobs},
		Publisher={In preparation, draft electronically available. },
		Title={{Introduction to Coalgebra. Towards Mathematics of States and Observations.}},
		Year={2005}}

@article{Jacobs2008,
 author = {Jacobs, Bart},
 title = {Coalgebraic Trace Semantics for Combined Possibilitistic and Probabilistic Systems},
 journal = {Electron. Notes Theor. Comput. Sci.},
 volume = {203},
 number = {5},
 year = {2008},
 issn = {1571-0661},
 pages = {131--152},
 doi = {http://dx.doi.org/10.1016/j.entcs.2008.05.023},
 publisher = {Elsevier Science Publishers B. V.},
 address = {Amsterdam, The Netherlands, The Netherlands},
 }

@inproceedings{Jovanovic2005,
	Author = {Jovanovic, D and Janicic, P},
	Booktitle = {FroCos},
	Date = {2005-09-27},
	Description = {dblp},
	Editor = {Bernhard Gramlich},
	Ee = {http://dx.doi.org/10.1007/11559306_11},
	Isbn = {3-540-29051-6},
	Keywords = {dblp},
	Opturl = {http://dblp.uni-trier.de/db/conf/frocos/frocos2005.html\#JovanovicJ05},
	Pages = {200-215},
	Publisher = {Springer},
	Series = {Lecture Notes in Computer Science},
	Title = {Logical Analysis of Hash Functions.},
	Volume = {3717},
	Year = {2005}}

@book{KalmanFalbArbib1969,
		Author={Kalman, R E and Falb, P L and Arbib, M A},
		Address={New York},
		Publisher={McGraw-Hill},
		Title={{Topics in Mathematical System Theory}},
		Year={1969}}
		
@book{Kauffman1993,
	Address = {Oxford},
	Author = {Kauffman, S},
	Publisher = {Oxford University Press},
	Title = {The Origins of Order: Self-Organisation and Selection in Evolution},
	Year = {1993}}

@incollection{Krasner1949,
	Address = {Paris},
	Author = {Krasner, M},
	Booktitle = {Alg\`ebre et th\'eorie des nombres},
	Number = {24},
	Pages = {163--168},
	Publisher = {Centre national de la Recherche scientifique},
	Series = {C.N.R.S},
	Title = {{G\'en\'eralisation abstraite de la th\'eorie de Galois}},
	Year = {1950}}

@misc{Krebs,
	Author = {ICT4US},
	Note = {http://ict4us.com/mnemonics/en\_krebs.htm}
}

@book{Kroeger1987,
	Address = {New York, NY, USA},
	Author = {Kr{\"o}ger, F},
	Publisher = {Springer-Verlag New York, Inc.},
	Title = {Temporal logic of programs},
	Year = {1987}}

@article{KrohnRhodes1965,
	Author = {Krohn, K and Rhodes, J},
	Journal = {Transactions of the American Mathematical Society},
	Pages = {450-464},
	Title = {{Algebraic Theory of Machines. I. Prime Decomposition Theorem for Finite Semigroups and Machines}},
	Volume = {116},
	Year = {1965}}

@article{KrohnLangerRhodes1967,
	Author = {Krohn, K and Langer, R and Rhodes, J},
	Journal = {Journal of Computer and System Sciences},
	Pages = {119--136},
	Title = {{Algebraic Principles for the Analysis of a Biochemical System}},
	Volume = {1},
	Year = {1967}}

@article{KrohnMaurerRhodes1966,
Author={ Kenneth Krohn and W. D. Maurer and John Rhodes},
Title={Realizing Complex Boolean Functions with Simple Groups},
Journal={Information and Control}, volume=9, number=2, pages={190--195},
year=1966} 

@book{Kuhn1996,
	Author = {Kuhn, T},
	Publisher = {University of Chicago Press},
	Title = {{The Structure of Scientific Revolutions, 3rd Ed}},
	Year = {1996}}
	
@article{Kurz2006,
 author = {Alexander Kurz},
 title = {Coalgebras and their logics},
 journal = {SIGACT News},
 volume = {37},
 number = {2},
 year = {2006},
 issn = {0163-5700},
 pages = {57--77},
 doi = {http://doi.acm.org/10.1145/1140612.1140628},
 publisher = {ACM},
 address = {New York, NY, USA},
 }

@book{Kurzetal2006,
	Url = {http://files.opaals.eu/DBE/deliverables},
	Author = {Kurz, T and Marcon, G and Okada, H and Heistracher, T and Passani, A},
	Publisher = {DBE Project},
	Title = {D9.2-Report on Evolutionary and Distributed Fitness Environment},
	Year = {2006}}

@article{LahavRosenSigaletal2004,
	Author = {Lahav, G and Rosenfeld, N and Sigal, A and Geva-Zatorsky, N and Levine, A J and Elowitz, M B and Alon, U},
	Journal = {Natural Genetics},
	Pages = {147-150},
	Title = {{Generation of oscillations by the p53-mdm2 feedback loop: a theoretical and experimental study.}},
	Volume = {36},
	Year = {2004}}

@article{Lamport1994,
	Author = {Lamport, L},
	Journal = {ACM Transactions on Programming Languages and Systems},
	Month = {May},
	Number = {3},
	Pages = {872--923},
	Publisher = {ACM Press},
	Title = {{The Temporal Logic of Actions}},
	Url = {citeseer.ist.psu.edu/lamport94temporal.html},
	Volume = {16},
	Year = {1994},
	Bdsk-Url-1 = {citeseer.ist.psu.edu/lamport94temporal.html}}

@inproceedings{LandauerBellman2002,
	Author = {Landauer, C and Bellman, K L},
	Editor = {Dubois, D M},
	Booktitle = {5th International Conference on Computing Anticipatory Systems: CASYS 2001},
	Title = {{Theoretical Biology: Organisms and Mechanisms}},
	Series = {AIP Conference Proceedings},
	Volume = {627},
	Pages = {59-70},
	Year = {2002}}

@article{LevBarMayaSegeletal2000,
	Author = {Lev Bar-Or, R and Maya, R and Segel, L A and Alon, U and Levine, A J and Oren, M},
	Journal = {Proceedings of the National Academy of Science USA},
	Number = {21},
	Pages = {11250-11255},
	Title = {{Generation of oscillations by the p53-mdm2 feedback loop: a theoretical and experimental study}},
	Volume = {97},
	Year = {2000}}

@book{LidlPilz1984,
	Address = {Berlin},
	Author = {Lidl, R and Pilz, G},
	Publisher = {Springer},
	Title = {{Applied Abstract Albegra}},
	Year = {1984}}
	
@book{LindMarcus1995,
	Author = {Lind, D and Marcus, B},
	Publisher = {Cambridge University Press},
	Title = {{An Introduction to Symbolic Dynamics and Coding}},
	Year = {1995}}	

@article{Louie2007,
	Author = {Louie, A H},
	Journal = {Artificial Life},
	Pages = {293-297},
	Title = {{A Living System Must Have Noncomputable Models}},
	Volume = {13},
	Year = {2007}}

@article{LuoRudy1994,
	Author = {Luo, C-H and Rudy, Y},
	Journal = {Circulation Research},
	Pages = {1071-1096},
	Title = {{A Dynamic Model of the Cardiac Ventricular Action Potential}},
	Volume = {74},
	Year = {1994}}

@book{Lynch1996,
	Address = {San Francisco, USA},
	Author = {Lynch, N},
	Isbn = {1558603484},
	Publisher = {Morgan Kaufmann},
	Title = {Distributed Algorithms},
	Year = {1996}}

@book{Maclane1971,
	Author = {MacLane, S},
	Publisher = {Springer-Verlag},
	Title = {Categories for the working mathematician},
	Year = {1971}}

@article{Maeda1987,
	Address = {{New York}},
	Author = {Maeda, S},
	Journal = {{IMA Journal of Applied Mathematics}},
	Pages = {129--134},
	Title = {{The similarity method for difference equations}},
	Volume = {38},
	Year = {1987}}

@incollection{Maler2010,
	Author = {Maler, O},	
	Title = {{On the Krohn-Rhodes Cascaded Decomposition Theorem}},
	Editor = {Manna, Z and Peled, D},
	Booktitle = {Time for Verification: Essays in Memory of Amir Pnueli},
	Series = {Lecture Notes in Computer Science, 6200},
	Address= {Berlin},
	Publisher = {Springer},
	Year = {2010}}

@book{Manna1992,
	Address = {New York, NY, USA},
	Author = {Manna, Z and Pnueli, A},
	Isbn = {0-387-97664-7},
	Publisher = {Springer-Verlag New York, Inc.},
	Title = {The temporal logic of reactive and concurrent systems},
	Year = {1992}}
	
@book{ManrubiaMikhailovZanette2004,
	Address = {Singapore},
	Author = {Manrubia, S C and Mikhailov, A S and Zanette, D H},
	Publisher = {World Scientific},
	Title = {Emergence of Dynamical Order},
	Year = {2004}}
	
@PhDThesis{Mantel2003, 
  author	= {Heiko Mantel},
  title		= {A Uniform Framework for the Formal Specification and
		  Verification of Information Flow Security},
  school	= {Universit\"at des Saarlandes},
  year		= 2003,
  address	= {Saarbr\"ucken, Germany},
  month		= {Juli}
}

@book{MaturanaVarela1980,
	Address = {Boston},
	Author = {Maturana, H and Varela, F},
	Publisher = {D. Reidel Publishing Company},
	Title = {Autopoiesis and Cognition. the Realization of the Living},
	Year = {1980}}

@book{MaturanaVarela1998,
	Address = {Boston and London},
	Author = {Maturana, H and Varela, F},
	Publisher = {Shambhala},
	Title = {The Tree of Knowledge. The Biological Roots of Human Understanding},
	Year = {1998}}
	
@article{Melikadze1980,
	Address = {{New York}},
	Author = {Melikadze, N L},
	Journal = {{Cybernetics and Systems Analysis}},
	Number = {4},
	Pages = {469--475},
	Publisher = {{Springer}},
	Title = {{Automata in categories. The decomposition problem}},
	Volume = {16},
	Year = {1980}}

@article{Monk2003,
	Author = {Monk, N A M},
	Journal = {{Current Biology}},
	Number = {16},
	Pages = {1409-1413},
	Title = {{Oscillatory expression of Hes1, p53, and NF-kappaB driven by transcriptional time delays}},
	Volume = {13},
	Year = {2003}}

@inproceedings{Morioka2001,
	Address = {London, UK},
	Author = {Morioka, S and Katayama, Y and Yamane, T},
	Booktitle = {{CAV '01: Proceedings of the 13th International Conference on Computer Aided Verification}},
	Isbn = {3-540-42345-1},
	Pages = {465--477},
	Publisher = {Springer-Verlag},
	Title = {{Towards Efficient Verification of Arithmetic Algorithms over Galois Fields GF(2m)}},
	Year = {2001}}

@article{MorseHedlund1938,
	Author = {Morse, M and Hedliund, G A},
	Journal = {American Journal of Mathematics},
	Pages = {815-866},
	Title = {{Symbolic Dynamics}},
	Volume = {60},
	Number = {4},
	Year = {1938}}

@book{Moscho2001,
	Address = {Guildford, UK},
	Author = {Moschoyiannis, S},
	Publisher = {University of Surrey, Department of Computing, Technical Report SCOMP-TC-02-01},
	Title = {Group Theory and Error Detecting/Correcting Codes},
	Year = {2001}}
	
@ARTICLE{Moss1999,
    author = {Lawrence S. Moss},
    title = {Coalgebraic logic},
    journal = {Annals of Pure and Applied Logic},
    year = {1999},
    volume = {96}
}

@article{Mukhopadhyay1999,
	Address = {Washington, DC, USA},
	Author = {Mukhopadhyay, D and Sengar, G and Chowdhury, D R},
	Journal = {{IEEE Transactions on Computer-Aided Design of Integrated Circuites and Systems}},
	Number = {10},
	Pages = {1893--1898},
	Publisher = {{IEEE Computer Society}},
	Title = {{Hierarchical Verification of Galois Field Circuits}},
	Volume = {26},
	Year = {2007}}

@inproceedings{NabliFagesMartinezSoliman2012,
	Author = {Nabli, F and Fages, F and Martinez, T and Soliman, S},
	Booktitle = {Proceedings of CP2012, 18th International Conference on Principles and Practice of Constraint Programming},
	Title = {{ A Boolean Model for Enumerating Minimal Siphons and Traps in Petri Nets}},
	Publisher = {Springer-Verlag},
	Pages = {798�814},
	Volume = {LNCS 7514},
	Year = {2012}}

@electronic{Nachira2002,
	Author = {Nachira, F},
	Journal = {DG IST},
	Title = {Toward a network of digital business ecosystems fostering the local development},
	Url = {http://www.digital-ecosystems.org/doc/discussionpaper.pdf},
	Year = {2002},
	Bdsk-Url-1 = {http://europa.eu.int/information_society/topics/ebusiness/godigital/sme_research/index_en.htm}}

@incollection{NachiraDiniNicolai2007,
	Author = {Nachira, F and Dini, P and Nicolai, A},
	Booktitle = {Digital {B}usiness {E}cosystems},
	Editor = {F Nachira and A Nicolai and P Dini and M Le Louarn and L Rivera Leon},
	Pages = {1-20},
	Publisher = {European {C}ommission},
	Title = {{A Network of Digital Business Ecosystems for Europe: Roots, Processes and Perspectives}},
	Year = {2007}}

@book{Needham1997,
	Address = {Oxford}, 
	Author = {Needham, T},
	Publisher = {Oxford University Press},
	Title = {{Visual Complex Analysis}},
	Year = {1997}}

@misc{Nehaniv2008,
	author = {Nehaniv, C L},
	note = {Private communication},
	year = {2008}}

@book{Nehaniv1992,
	Address = {Ann Arbor, Michigan, USA},
	Author = {Nehaniv, C L},
	Publisher = {University Microfilms International},
	Title = {Global Sequential Coordinates on Semigroups, Automata,
and Infinite Groups},
	Note = {Ph.D. Thesis in Mathematics, University of
California, Berkeley},
	Year = {1992}}

@inproceedings{Nehaniv1994,
	Author = {Nehaniv, C L},
	Booktitle = {Proceedings of the 18th Annual International Computer Software and Applications Conference (COMPSAC94)},
	Title = {{Algebraic Engineering of Understanding: Global Hierarchical Coordinates on Computation for the Manipulation of Data, Knowledge, and Process}},
	Publisher = {IEEE Computer Society Press},
	Address = {Taipei, Taiwan},
	Pages = {418-425},
	Date = {November},
	Year = {1994}}

@inproceedings{Nehaniv1997,
	Author = {Nehaniv, C L},
	Booktitle = {Proceedings of the Second International Conference on Cognitive Technology, 1997: Humanizing the Information Age},
	Title = {{Algebraic models for understanding: coordinate systems and cognitive empowerment}},
	Address = {Aizu-Wakamatsu City, Japan},
	Pages = {147-162},
	Date = {25-27 August},
	Year = {1997}}

@article{NehanivRhodes2000,
	Author = {Nehaniv, C L and Rhodes, J L},
	Journal = {Artificial Life},
	Pages = {45-67},
	Title = {{The Evolution and Understanding of Hierarchical Complexity in Biology from an Algebraic Perspective}},
	Volume = {6},
	Year = {2000}}

@book{NicolisPrigogine1977,
	Address = {New York},
	Author = {Nicolis, G and Prigogine, I},
	Publisher = {Wiley},
	Title = {Self-Organization in Nonequilibrium Systems},
	Year = {1977}}

@article{Noether1918,
	Author = {Noether, E},
	Journal = {Math-Phys Kl},
	Pages = {235-257},
	Title = {{Invariante Variationsprobleme}},
	Address = {Nachr. $I\mathrm{f}\dot{\mathit{0}}n|g$ . Gessel. Wissen. $G\overline{\mathit{0}}ttingen$},
	Note = {{E}nglish Translation: Transport Theory and Stat. Phys., 1:186-207, 1971},
	Year = {1918}}

@article{nomura1997adq,
  title={{An Attempt for Description of Quasi-Autopoietic Systems Using Metabolism-Repair Systems}},
  author={Nomura, T.},
  journal={Proc. the Fourth European Conference on Artificial Life},
  pages={48--56},
  year={1997}
}

@article{nomura2007ctd,
  title={{Category Theoretical Distinction Between Autopoiesis and (M, R) Systems}},
  author={Nomura, T},
	journal = {{Lecture Notes in Computer Science}},
	volume = {4648},
	pages = {465--474},
  publisher={Springer},
	year = {2007}
}

@article{nomura2006ctf,
	title={{Category Theoretical Formalization of Autopoieis from Perspective of 			Distinction between Organization and Structure}},
	author={Nomura, T},
	journal={Explorations in the Complexity of Possible Life: Abstracting and 	Synthesizing the Principles of Living Systems},
	year={2006},
	publisher={IOS Press}
}

@article{NovakTyson2008,
	Author = {Novak, B and Tyson, J J},
	Journal = {{Nature Reviews: Molecular Cell Biology}},
	Number = {12},
	Pages = {981-991},
	Title = {{Design Principles of Biochemical Oscillators}},
	Volume = {9},
	Year = {2008}}

@article{NoyesFieldKoros1972,
	Author = {Noyes, R M and Field, R J and K\"or\"os, E},
	Journal = {{Journal of the American Chemical Society}},
	Number = {4},
	Pages = {1394--1395},
	Title = {{Oscillations in Chemical Systems I. Detailed Mechanism in a System Showing Temporal Oscillations}},
	Volume = {94},
	Year = {1972}}

@article{Nucci1996,
  title={The complete Kepler group can be derived by Lie group analysis},
  author={Nucci, MC},
  journal={Journal of Mathematical Physics},
  volume={37},
  number={4},
  pages={1772-1775},
  year={1996}
}


@article{NucciLeach2007,
  title={Lie integrable cases of the simplified multistrain/two-stream model for tuberculosis and dengue fever},
  author={Nucci, M C and Leach, P G L},
  journal={Journal of mathematical analysis and applications},
  volume={333},
  number={1},
  pages={430-449},
  year={2007}
}


@book{Olver1993,
	Author = {Olver, P},
	Publisher = {Springer},
	Edition={2nd},
	Title = {{Applications of Lie Groups to Differential Equations}},
	Year = {1993}}

@article{oseledec1968,
  title={A multiplicative ergodic theorem: Lyapunov characteristic numbers for dynamical systems},
  author={Oseledec, V I},
  journal={Transactions of the Moscow Mathematical Society},
  volume={19},
  number={2},
  pages={197-231},
  year={1968}
}

@incollection{Paun2003,
	Author = {Paun, G},
	Booktitle = {Fundamentals of Computation Theory},
	Editor = {Lingas, A and Nilsson, B J},
	Publisher = {Springer},
	Series = {LNCS},
	Volume = {2751},
	Title = {Membrane Computing},
	pages = {284-295},
	Year = {2003}}

@book{PaunRozenbergSalomaa2009,
	Author = {Paun, G and Rozenberg, G and Salomaa, A},
	Publisher = {Oxford University Press},
	Title = {{The Oxford Handbook of Membrane Computing}},
	Year = {2009}}

@article{Petri1962,
	Author = {Petri, C A},
	Journal = {Schriften des IIM},
	Title = {{Kommunikation mit Automaten}},
	Volume = {2},
	Address = {Bonn},
	Year = {1962}}

@book{Pierce1991,
	Address = {Cambridge, Massachusetts}, 
	Author = {Pierce, Bejamin C},
	Publisher = {The MIT Press},
	Title = {Basic Category Theory for Computer Scientists},
	Year = {1991}}

@article{Pinter1973,
	Author = {Pinter, C C},
	Journal = {Notre Dame Journal of Fomal Logic},
	Month = {July},
	Number = {3},
	Title = {{A Simple Algebra of First Order Logic}},
	Volume = {XIV},
	Year = {1973}}
	
@proceedings{DBLP:conf/ctcs/1989,
  editor    = {David H. Pitt and
               David E. Rydeheard and
               Peter Dybjer and
               Andrew M. Pitts and
               Axel Poign{\'e}},
  title     = {Category Theory and Computer Science, Manchester, UK, September
               5-8, 1989, Proceedings},
  booktitle = {Category Theory and Computer Science},
  publisher = {Springer},
  series    = {Lecture Notes in Computer Science},
  volume    = {389},
  year      = {1989},
  isbn      = {3-540-51662-X},
  bibsource = {DBLP, http://dblp.uni-trier.de}
}

@book{PlotkinGreenglazGvaramija1992,
	Address = {Singapore}, 
	Author = {Plotkin, B I and Greenglaz, L Ja and Gvaramija, A},
	Publisher = {World Scientific},
	Title = {Algebraic Structures in Automata and Databases Theory},
	Year = {1992}}

@misc{pn2a,
	Author = {Egri-Nagy, A and Nehaniv, C L},	
	Title = {{ \texttt{PN2A}: Petri Net Analysis  \texttt{GAP} Package}},
	url = {http://sourceforge.net/projects/pn2a/}}

@inproceedings{Pnueli1977,
	Author = {Pnueli, A},
	Booktitle = {Proceedings of the 18th IEEE Symposium on Foundations of Computer Science},
	Pages = {46--57},
	Title = {The Temporal Logic of Programs},
	Year = {1977}}

@book{Popper2002,
	Address = {London},
	Author = {Popper, K},
	Publisher = {Routledge},
	Title = {The Logic of Scientific Discovery},
	Note = {reprinted translation of 1935 original Logik der Forschung},
	Year = {2002}}

@book{Purser1995,
	Address = {Boston},
	Author = {Purser, M},
	Publisher = {Artech House},
	Title = {{Introduction to Error Correcting Codes}},
	Year = {1995}}

@book{Rashevsky1960,
	Address = {New York},
	Editor = {Rashevsky, N},
	Author = {Rashevsky, N},
	   Publisher = {Dover},
	Title = {{Mathematical Biophysics and Physico-Mathematical Foundations of Biology Vol II}},
	Year = {1960}}

@book{Reisig2011,
	Author = {Reisig, W},
	Publisher = {Springer},
	Title = {{Petri Nets: An Introduction}},
	Year = {2011}}

@book{RogersAmes1989,
	Address = {Boston},
	Author = {Rogers, C and Ames, W F},
	Publisher = {Academic Press},
	Title = {{Nonlinear Boundary Value Problems in Science and Engineering}},
	Year = {1989}}

@article{Rosen1959,
	Author = {Rosen, R},
	Journal = {Bulletin of Mathematical Biophysics},
	Pages = {71--95},
	Title = {{The DNA-Protein Coding Problem}},
	Volume = {21},
	Year = {1959}}

@article{Rosen1958a,
	Author = {Rosen, R},
	Journal = {Bulletin of Mathematical Biophysics},
	Pages = {245--260},
	Title = {{A Relational Theory Of Biological Systems}},
	Volume = {20},
	Year = {1958}}

@article{Rosen1958b,
	Author = {Rosen, R},
	Journal = {Bulletin of Mathematical Biophysics},
	Pages = {317--341},
	Title = {{The Representation Of Biological Systems From The Standpoint Of The Theory Of Categories}},
	Volume = {20},
	Year = {1958}}

@article{Rosen1959b,
	Author = {Rosen, R},
	Journal = {Bulletin of Mathematical Biophysics},
	Pages = {109--128},
	Title = {{A Relational Theory Of Biological Systems II}},
	Volume = {21},
	Year = {1959}}

@book{Rosen1972,
	Address = {New York},
		Author = {Rosen, R},
	Editor = {Rosen, R},
	Publisher = {Academic Press},
	Title = {{Foundations of Mathematical Biology: Vol I, II, III}},
	Year = {1972}}

@incollection{Rosen1972b,
	Author = {Rosen, R},
	Booktitle = {Foundations of Mathematical Biology, Vol II: Cellular Systems},
	Editor = {Rosen, R},
	Publisher = {Academic Press},
	Title = {Some Relational Cell Models: The Metabolism-Repair Systems},
	Year = {1972}}

@book{Rosen1991,
	Address = {New York},
		Author = {Rosen, R},
	Publisher = {Columbia University Press},
	Title = {{Life Itself}},
	Year = {1991}}

@unpublished{RoweMitavskiy2005,
	Author = {Rowe, J E and Mitavskiy, B},
	Month = {April},
	Title = {D8.1 - Report on Evolution of High-Level Software Components},
	Year = {2005}}

@book{Rutten1991,
	Address = {Amsterdam},
	Author = {Rutten, J J M M},
	Publisher = {National Research Institute for mathematics and Computer Science},
	Title = {{Universal Coalgebra: A Theory of Systems}},
	   Note = {{CWI Report CS-R9652}},
	Year = {1991}}

@article{SanchezMorgadoGrau2004,
	Author = {Sanchez, R and Morgado, E and Grau, R},
	Journal = {Communications in Mathematical and Computational Chemistry},
	Pages = {29-46},
	Title = {The Genetic Code Boolean Lattice},
	Volume = {52},
	Year = {2004}}

@article{SanchezMorgadoGrau2005,
	Author = {Sanchez, R and Morgado, E and Grau, R},
	Journal = {Journal of Mathematical Biology},
	Pages = {431-457},
	Title = {Gene algebra from a genetic code algebraic structure},
	Volume = {51},
	Year = {2005}}

@article{SanchezMorgadoGrau2006,
	Author = {Sanchez, R and Grau, R and Morgado, E},
	Journal = {Mathematical Biosciences},
	Pages = {156-174},
	Title = {{A novel Lie algebra of the genetic code over the Galois field of four DNA bases}},
	Volume = {202},
	Year = {2006}}

@article{Sandri1996,
	Author = {Sandri, M},
	Journal = {{The Mathematica Journal}},
	Title = {{Numerical Calculation of Lyapunov Exponents}},
	Year = {1996}}

@incollection{SchilstraMartinKeating2008,
	Author = {Schilstra, M J and Martin, S R and Keating, S M},
	Booktitle = {Methods in Cell Biology},
	Editor = {Correia, J J and Detrich, H W},
	Publisher = {Elsevier},
	Title = {Methods for Simulating the Dynamics of Complex Biological Processes},
	Pages = {807-842},
	Year = {2008}}

@incollection{SchilstraMartin2009,
	Author = {Schilstra, M J and Martin, S R},
	Booktitle = {Methods in Enzymology},
	Editor = {Michael, L and Ludwig, B},
	Publisher = {Academic Press (Elsevier)},
	Title = {Simple Stochastic Simulation},
	Pages = {381-409},
	Year = {2009}}

@article{Schneeweiss1998,
	Address = {Washington, DC, USA},
	Author = {Schneeweiss, W G},
	Doi = {http://dx.doi.org/10.1109/12.663768},
	Issn = {0018-9340},
	Journal = {{IEEE Trans. Comput.}},
	Number = {2},
	Pages = {217--221},
	Publisher = {IEEE Computer Society},
	Title = {{On the Polynomial Form of Boolean Functions: Derivations and Applications}},
	Volume = {47},
	Year = {1998},
	Bdsk-Url-1 = {http://dx.doi.org/10.1109/12.663768}}

@book{Schneeweiss1973,
	Address = {Berlin},
	Author = {Schneeweiss, W G},
	Publisher = {Springer},
	Title = {{Zuverl\"assigkeitstheorie (Reliability Theory)}},
	Year = {1973}}

@article{SchnellMendoza1997,
	Author = {Schnell, S and Mendoza, C},
	Journal = {{Journal of Theoretical Biology}},
	Pages = {207--212},
	Publisher = {Academic Press},
	Title = {{Closed Form Solution for Time-dependent Enzyme Kinetics}},
	Volume = {187},
	Year = {1997}}

@inproceedings{SchrecklingDini2009,
	Author = {Schreckling, D and Dini, P},
	Booktitle = {{IEEE 10th Congress on Evolutionary Computation, Trondheim, Norway, 18-21 May}},
	Title = {{Distributed Online Evolution: An Algebraic Problem?}},
	Year = {2009}}

@book{BIONETSD46,
	Author = {Schreckling, D and Brunato, M and Dini, P and D\'ora, L and Faschingbauer, A and Golic, J and Horv\'ath, G and Martinelli, F and Petrocchi, M},
	Publisher = {{BIONETS Deliverable, European Commission}},
	Title = {{D4.6: Security in BIONETS}},
	Url  = {http://www.bionets.eu},
	Year = {2009}}

@book{Scott1994,
	Address = {Oxford},
	Author = {Scott, S},
	Publisher = {Oxford University Press},
	Title = {Oscillations, Waves, and Chaos in Chemical Kinetics},
	Year = {1994}}

@article{Segel1988,
	Author = {Segel, L A},
	Journal = {{Bulletin of Mathematical Biology}},
	Pages = {579-593},
	Title = {{On the validity of the steady state assumption of enzyme kinetics}},
	Volume = {6},
	Year = {1988}}

@book{SeshadriNa1985,
	Address = {New York},
	Author = {Seshadri, R and Na, T Y},
	Publisher = {Springer},
	Title = {{Group Invariance in Engineering Boundary Value Problems}},
	Year = {1985}}

@article{Shiferawetal2003,
	Author = {Shiferaw, Y and Watanabe, M A and Garfinkel, A and Weiss, J N and Karma, A},
	Journal = {{Biophysical Journal}},
	Pages = {3666-3686},
	Title = {{Model of Intracellular Calcium Cycling in Ventricular Myocytes}},
	Volume = {85},
	Year = {2003}}

@book{Sornette2000,
	Address = {Heidelberg},
	Author = {Sornette, D},
	Publisher = {Springer},
	Title = {Critical Phenomena in Natural Sciences: Chaos, Fractals, Self-organization and Disorder - Concepts and Tools},
	Year = {2000}}

@book{Stephani1989,
	Address = {Cambridge},
	Author = {Stephani, H},
	Publisher = {Cambridge University Press},
	Title = {Differential equations: Their solution using symmetries},
	Year = {1989}}

@book{Stewart1989,
	Address = {London},
	Author = {Stewart, I},
	Publisher = {Chapman and Hall},
	Title = {Galois Theory (2nd Ed.)},
	Year = {1989}}

@book{Tarski1956,
	Author = {Tarski, A},
	Note = {Edited by J. H. Woodger},
	Publisher = {Oxford University Press},
	Title = {Logic, Semantics, Metamathematics},
	Year = 1956}


@article{FaureNaldiChaouiyaThieffry2006,
	Author = {Faur\'e, A and Naldi, A and Chaouiya, C and Thieffry, D},
	Journal = {{Bioinformatics}},
	Pages = {124-131},
	Title = {{Dynamical analysis of a generic Boolean model for the control of the mammalian cell cycle}},
	Volume = {22e},
	Year = {2006}}

@article{ChaouiyaRemyThieffry2008,
	Author = {Chaouiya, C and Remy, E and Thieffry, D},
	Journal = {{Journal of Discrete Algorithms}},
	Pages = {165-177},
	Title = {{Petri net modelling of biological regulatory networks}},
	Volume = {6},
	Year = {2008}}

@article{FaureEtAl2009,
	Author = {Faur\'e, A and Naldi, A and Lopez, F and Chaouiya, C and Ciliberto, A and Thieffry, D},
	Journal = {{Molecular Biosystems}},
	Pages = {1787-1796},
	Title = {{Modular logical modelling of the budding Yeast cell cycle}},
	Volume = {5},
	Year = {2009}}

@article{NaldiEtAl2009,
	Author = {Naldi, A and B\'erenguier, D and Faur\'e, A and Lopez, F and Thieffry, D and Chaouiya, C},
	Journal = {{BioSystems}},
	Pages = {134-139},
	Title = {{Logical modelling of regulatory networks with GINsim 2.3}},
	Volume = {97},
	Year = {2009}}

@mastersthesis{Thompson2013,
	Author = {Thompson, R},
	school = {{Rochester Institute of Technology, School of Mathematical Sciences}},
	Title = {{Using Time-Delay Differential Equations for Modeling Calcium Cycling in Cardiac Myocytes}},
	address = {NY, USA},
	Year = {2013}}

@article{TomaselliMarban1999,
	Author = {Tomaselli, G F and Marb\'an, E},
	Journal = {{Cardiovascular Research}},
	Pages = {270-283},
	Title = {{Electrophysiological remodeling in hypertrophy and heart failure}},
	Volume = {42},
	Year = {1999}}

@phdthesis{Tosic1972,
	Address = {Beograd, Yugoslavia},
	Author = {Tosic, Z},
	School = {University of Beograd},
	Title = {{Analytical Representation of m-Valued Logical Functions over the Ring of Integers Modulo m}},
	Year = {1972}}

@inproceedings{Tschudin2003,
	Address = {Menlo Park, USA},
	Author = {Tschudin, C},
	Booktitle = {2nd Annual Symposium on Autonomous Intelligent Networks and Systems (AINS)},
	Month = {July},
	Title = {Fraglets - a Metabolistic Execution Model for Communication Protocols},
	Year = {2003}}

@article{Turing1936,
	Author = {A Turing},
	Journal = {Proceedings of the London Mathematical Society},
	Pages = {230-265},
	Title = {{On Computable Numbers, with an Application to the Entscheidungsproblem}},
	Volume = {42:2},
	Note = {A correction, ibid, 43, 1937, pp. 544-546},
	Year = {1936}}

@article{TysonChenNovak2003,
	Author = {Tyson, J J and Chen, K C and Novak, B},
	Journal = {Current Opinion in Cell Biology},
	Pages = {221-231},
	Title = {{Sniffers, buzzers, toggles and blinkers: dynamics of regulatory and signaling pathways in the cell}},
	Volume = {15},
	Year = {2003}}

@article{Tzafriri2003,
	Author = {A R Tzafriri},
	Journal = {Bulletin of Mathematical Biology},
	Pages = {1111-1129},
	Title = {{Michaelis-Menten Kinetics at High Enzyme Concentrations}},
	Volume = {65},
	Year = {2003}}

@article{Turing1952,
  title={The chemical basis of morphogenesis},
  author={Turing, A M},
  journal={Philosophical Transactions of the Royal Society of London. Series B, Biological Sciences},
  volume={237},
  number={641},
  pages={37-72},
  year={1952}
}


@inproceedings{VanLeeuwenMunroLain2010,
	Author = {Van Leeuwen, I and Munro, A J and Sanders, I and Staples, O and Lain, S},
	Booktitle = {{Digital Ecosystems: Proceedings of the 3rd International Conference, OPAALS 2010}},
	Editor = {Colugnati, Fernando A B and Lopes, Lia C R and Barretto, Saulo F A},
	Address = {Aracaju, Sergipe, Brazil, 22-23 March},
	Title = {{Numerical and Experimental Analysis of the p53-mdm2 Regulatory Pathway}},
	pages = {266-284},
	publisher = {Springer LNICST},
	Year = {2010}}

@TECHREPORT{Varacca03,
    author = {Varacca, D},
    title = {Probability, Nondeterminism and Concurrency: Two denotational models for probabilistic computation},
    institution = {University of Aarhus},
    Month = {November},
    year = {2003}
}

@book{Vickers1998,
 author = {Steven Vickers},
 title = {Topology via logic},
 year = {1989},
 isbn = {0-521-36062-5},
 publisher = {Cambridge University Press},
 address = {New York, NY, USA},
 }
 
  @article{VossClarke1978,
	Author = {Voss, R F and Clarke, J},
	Journal = {Journal of the Acoustical Society of America},
	Title = {1/f noise in music: Music from 1/f noise},
	Volume = {63},
	Number = {1},
	Year = {1978}}

@article{WangLiAgostinoHavlinStanleyMieghem,
	Author = {H Wang and Q Li and G D'Agostino and S Havlin and H E
Stanley and P {Van Mieghem}},
	note = {In preparation 2013},
	Title = {{Effect of Interconnected Network Structure on the Epidemic Threshold}},
}


@article{WangWangHuangLinFangPaiNee2011,
  title={Lie group study of Raman spectra of the Gurken gradient in Drosophila oogenesis},
  author={Wang, J-C and Wang, P-Y and Huang, R-R and Lin, W-C and Fang, C-H and Pai, L-M and Nee, T-E},
  journal={Analytical and bioanalytical chemistry},
  volume={400},
  number={2},
  pages={335--341},
  year={2011},
  publisher={Springer}
}


@article{WangWangChenWuPaiNee2013,
  title={{Lie Group Analysis of the Photo-Induced Fluorescence of Drosophila Oogenesis with the Asymmetrically Localized Gurken Protein}},
  author={Wang, J-C and Wang, P-Y and Chen, H-I and Wu, K-L and Pai, L-M and Nee, T-E},
  journal={PloS One},
  volume={8},
  number={6},
  pages={e65143},
  year={2013},
  publisher={Public Library of Science}
}



@book{Weinberg2001,
 author = {Weinberg, G M},
 title = {{An Introduction to General Systems Thinking}},
 year = {2001},
 note = {Silver Anniversary Edition},
 publisher = {Dorset House},
 address = {New York}
}

@article{Weinstein1996,
	Author = {Weinstein, A},
	Journal = {Notices of the American Mathematical Society},
	Pages = {744-752},
	Title = {Groupoids: unifying internal and external symmetry},
	Volume = {43},
	Year = {1996}}

@inproceedings{Williams2002,
	Author = {Williams, S G},
	Editor = {Williams, S G},
	Booktitle = {{Symbolic Dynamics and Its Applications: AMS Short Course, 4-5 January}},
	Title = {{Introduction to Symbolic Dynamics}},
	Year = {2002}}


@book{Wingender2011,
 author = {Wingender (Ed.), E },
 title = {{Biological Petri Nets}},
 year = {2011},
 note = {Silver Anniversary Edition},
 publisher = {IOS Press},
 address = {Amsterdam}
}

@article{Wolkenhauer2007,
	Author = {Wolkenhauer, O},
	Journal = {Artificial Life},
	Pages = {291�292},
	Title = {{Interpreting Rosen}},
	Volume = {13},
	Year = {2007}}	

@book{Wu2002,
 author = {Wu, C W},
 Title = {{Synchronization in Coupled Chaotic Circuits and Systems}},
 Year = {2011},
 publisher = {World Scientific},
 address = {Singapore}
 }
 
 @book{Wulfman2011,
 author = {Wulfman, C E},
 Title = {{Dynamical Symmetry}},
 Year = {2011},
 publisher = {World Scientific},
 address = {Singapore}
 }

@article{XingChen2008,
	Author = {Xing, 	J and Chen J},
	Journal = {PloS One},
	Pages = {e2140},
	Title = {{The Goldbeter-Koshland Switch in the First-Order Region and its Response to Dynamic Disorder}},
	Volume = {3},
	Number = 5,
	Year = {2008}
}

@inproceedings{Yamamoto2007,
	Author = {Yamamoto, L and Schreckling, D and Meyer, T},
	Booktitle = {Proceedings of IEEE/ACM Bionetics 2007, Budapest, Hungary},
	Month = {December},
	Title = {{Self-Replication and Self-Modifying Programs in Fraglets}},
	Year = {2007}}

@article{Zeiger1967,
	Author = {Zeiger, H P},
	Journal = {Information and Control},
	Pages = {419-433},
	Title = {{Cascade synthesis of finite-state machines}},
	Volume = {10},
	Number = {4},
	Year = {1967},
	note = {plus erratum}}	


%---------------------------------------------------------------------------
%
% lidia, for AChem/PlasmidPL chapter

@book{PlasmidJournal,
  author = {D.K. {Chattoraj (Editor-in-Chief)}},
  title = {{Plasmid: A Journal of Genomes and Genome Dynamics}},
  publisher = {International Society for Plasmid Biology, Elsevier},
  year = {ISSN 0147-619X}
}

@article{Head2000,
  xxauthor = {T. Head and others},
  author = {T. Head and G. Rozenberg and R. S. Badergroen and C. K. D. Breek and P. H. M. Lommerse and H. P. Spaink},
  title = {{Computing with DNA by operating on plasmids}},
  journal = {BioSystems},
  volume = 57,
  year = 2000,
  pages = {87-93}
}

@article{Henkel2007,
  xxauthor = {Christiaan V. Henkel and others},
  author = {Christiaan V. Henkel and Thomas Back and Joost N. Kok and Grzegorz Rozenberg and Herman P. Spaink},
  title = {{DNA computing of solutions to knapsack problems}},
  journal = {BioSystems},
  volume = 88,
  number = {1-2},
  month = mar,
  year = 2007,
  pages = {156-162}
}

@article{Ikegami1999,
  author = {Takashi Ikegami},
  title = {{Evolvability of Machines and Tapes}},
  journal = {Artificial Life and Robotics},
  volume = 3,
  number = 4,
  year = 1999,
  pages = {242--245}
}

@article{Laing1977,
  author = {Richard Laing},
  year = 1977,
  title = {{Automaton models of reproduction by self-inspection}},
  journal = {Journal of Theoretical Biology},
  volume = 66,
  pages = {437--456},
}


@article{Suzuki:ALife2003,
 author = {Hideaki Suzuki and Naoaki Ono and Kikuo Yuta},
 title = {Several necessary conditions for the evolution of complex forms of life in an artificial environment},
 journal = {Artificial Life},
 volume = {9},
 number = {2},
 year = {2003},
 issn = {1064-5462},
 pages = {153--174},
 doi = {http://dx.doi.org/10.1162/106454603322221504},
 publisher = {MIT Press},
 address = {Cambridge, MA, USA},
}


@article{Salzberg2006,
  author = {Chris Salzberg},
  title = {{From Machine and Tape to Structure and Function: Formulation of a Reflexively Computing System}},
  journal = {Artificial Life},
  volume = {12},
  number = {4},
  year = {2006},
  issn = {1064-5462},
  pages = {487--512},
  doi = {http://dx.doi.org/10.1162/artl.2006.12.4.487},
  publisher = {MIT Press},
  address = {Cambridge, MA, USA},
}


@article{Fontana1994,
  author = {Walter Fontana and Leo W. Buss},
  title = {{The Arrival of the Fittest: Toward a Theory of Biological Organization}},
  journal = {Bulletin of Mathematical Biology},
  volume = 56,
  pages = {1-64},
  year = 1994
}


@inproceedings{Fontana1991,
  author = {Walter Fontana},
  title = {{Algorithmic Chemistry}},
  booktitle = {Artificial Life II},
  editor = {C. G. Langton and others},
  pages = {159-209},
  publisher = {Addison-Wesley},
  year = 1991
}


@article{Ofria2002,
  author = {Charles Ofria and Christoph Adami and Travis C. Collier},
  title = {{Design of Evolvable Computer Languages}},
  journal = {IEEE Transactions in Evolutionary Computation},
  volume = 17,
  pages = {528-532},
  year = 2002
}

@conference{Avida1994,
  author = {C. Adami and C.T. Brown},
  title = {{Evolutionary Learning in the 2D Artificial Life Systems Avida}},
  booktitle = {Proc. Artificial Life IV},
  publisher={MIT Press},
  pages={377-381},
  year={1994},
}

@InProceedings{Knoester2007,
  author = {David B. Knoester and Philip K. McKinley and Charles A. Ofria},
  title = {{Using Group Selection to Evolve Leadership in Populations of Self-Replicating Digital Organisms}},
  booktitle = {{Proc. Genetic and Evolutionary Computation Conference (GECCO 2007)}},
  year = 2007,
  pages = {293--300},
}


@article{AvidaIEEEComp2008,
  author = {P. McKinley and  B.H.C. Cheng and C. Ofria and D. Knoester and B. Beckmann and H. Goldsby},
  title = {{Harnessing Digital Evolution}},
  journal = {IEEE Computer},
  volume = 41,
  number = 1,
  pages = {54-63},
  month = jan,
  year = 2008
}



@InCollection{Banzhaf2004ch11,
  title = {{Genetic Programming of an Algorithmic Chemistry}},
  author = {Wolfgang Banzhaf and C. Lasarczyk},
  booktitle = {Genetic Programming Theory and Practice II},
  editor = {O'Reilly and others},
  volume = 8,
  chapter = 11,
  publisher = {Kluwer/Springer},
  year = 2004,
  pages = {175-190}
}

@TechReport{banatre:tr1996,
  author={Jean-Pierre Ban\^{a}tre and Daniel Le M\'{e}tayer},
  title={Gamma and the Chemical Reaction Model},
  institution = {INRIA},
  type = {Internal Publication PI-984},
  month = feb,
  year=1996
}


@TechReport{berry:tr1989,
  author={G\'{e}rard Berry and G\'{e}rard Boudol},
  title={The chemical abstract machine},
  institution = {INRIA Sophia Antipolis},
  type = {Research Report RR-1133},
  month = dec,
  year=1989
}




@InProceedings{Spector2005:push3,
  author = {Lee Spector and Jon Klein and Maarten Keijzer},
  title = {{The Push3 execution stack and the evolution of control}},
  booktitle = {{Proc. GECCO 2005}},
  xxbooktitle = {{Proc. Genetic and Evolutionary Computation Conference (GECCO 2005)}},
  year = {2005},
  month = jun,
  address = {Washington DC, USA},
  pages = {1689--1696}
}


@article{Gillespie1977,
  author = {D. T. Gillespie},
  title = {Exact Stochastic Simulation of Coupled Chemical Reactions},
  journal = {J. Phys. Chem.},
  year = {1977},
  volume = {81},
  number = {25},
  pages = {2340--2361}
},


@article{Gillespie2007,
  author = { D. T. Gillespie},
  title = {{Stochastic Simulation of Chemical Kinetics}},
  journal = {Annual Review of Physical Chemistry},
  volume = 58,  
  pages = {35-55},
  doi = {10.1146/annurev.physchem.58.032806.104637},
  year = 2007,
  myurl = {http://www.dna.caltech.edu/courses/cs191/paperscs191/gillespie1.pdf}
}


@article{GibsonBruck2000,
  author = {M. Gibson and J. Bruck},
  title = {{Efficient Exact Stochastic Simulation of Chemical Systems with Many Species and Many Channels}},
  journal = {Journal of Physical Chemistry A 104},
  pages = {1876-1889},
  year = 2000,
}


@article{StochSim1998,
  author = {C. J. Morton-Firth and D. Bray},
  year = 1998,
  title = {{Predicting temporal fluctuations in an intracellular signalling pathway}},
  journal = {Journal of Theoretical Biology},
  volume = 192,
  pages = {117-128},
  myurl = {http://www.pdn.cam.ac.uk/groups/comp-cell/Papers/MortonFirth98a.pdf},
  mynote = {StochSim algorithm description}
}

@article{Widder2007,
  author = {Stefanie Widder and Josef Schicho and Peter Schuster},
  title = {{Dynamic patterns of gene regulation I: Simple two-gene systems}},
  journal = {Journal of Theoretical Biology},
  volume = 246,
  year = 2007,
  pages = {395-419}
}


@article{Kuo2006,
  author = {P.D. Kuo and W. Banzhaf and A. Leier},
  title = {{Network topology and the evolution of dynamics in an artificial genetic regulatory network model created by whole genome duplication and divergence}},
  journal = {BioSystems},
  volume = 85,
  year = 2006,
  pages = {177-200},
}


@inproceedings{Bongard2002,
  author = {Josh C. Bongard},
  title = {{Evolving Modular Genetic Regulatory Networks}},
  booktitle = {Proceedings of the IEEE 2002 Congress on Evolutionary Computation
 (CEC2002)},
  volume = 2,
  pages = {1872-1877},
  year = 2002
}


%---------------------------------------------------------------------------
% self-citations

@InProceedings{ctly:wac2004,
    author = {Christian Tschudin and Lidia Yamamoto},
    title = {{A Metabolic Approach to Protocol Resilience}},
    month = oct,
    year = 2004,
    booktitle = {Proc. 1st Workshop on Autonomic Communication (WAC)},
    series = {Springer LNCS 3457},
    address = {Berlin, Germany},
    pages = "190--205"
}


@Conference{lyct:wac2005,
    author = {Lidia Yamamoto and Christian Tschudin},
    title = {{Experiments on the Automatic Evolution of Protocols using Genetic Programming}},
    pages = {13-28},
    month = oct,
    year =  2005,
    booktitle = {Proc. 2nd Workshop on Autonomic Communication (WAC)},
    address = {Athens, Greece}
}


@InProceedings{eurogp2007,
  author = {Lidia Yamamoto},
  title = {{Code Regulation in Open Ended Evolution}},
  pages = {271--280},
  editor = {Ebner and others},
  booktitle = {Proceedings of the 10th European Conference on Genetic Programming (EuroGP 2007)},
  series = {LNCS},
  volume = 4445,
  address = {Valencia, Spain},
  month = apr,
  year = 2007,
  note = {poster presentation}
}


@InProceedings{eurogp2008,
  author = {Lidia Yamamoto},
  title = {{PlasmidPL: A Plasmid-Inspired Language for Genetic Programming}},
  pages = {337--349},
  xxeditor = {{xx}},
  booktitle = {Proceedings of the 11th European Conference on Genetic Programming (EuroGP 2008)},
  series = {LNCS},
  volume = 4971,
  address = {Naples, Italy},
  month = mar,
  year = 2008,
  note = {poster presentation}
}


@InCollection{Biowire2008,
  title = {{An Artificial Chemistry for Networking}},
  author = {Thomas Meyer and Lidia Yamamoto and Christian Tschudin},
  booktitle = {BIOWIRE Workshop Note on Bio-Inspired Computing and Communication, to appear at Springer LNCS},
  xxvolume = xx,
  xxchapter = xx,
  xxpublisher = {Springer},
  year = 2008,
  xxpages = {xx}
}


@InCollection{Biowire2008b,
  title = {{Bio-Inspired Approaches for Autonomic Pervasive Computing Systems}},
  author = {Daniele Miorandi and Iacopo Carreras and Eitan Altman and Lidia Yamamoto and Imrich Chlamtac},
  booktitle = {BIOWIRE Workshop Note on Bio-Inspired Computing and Communication, to appear at Springer LNCS},
  xxvolume = xx,
  xxchapter = xx,
  xxpublisher = {Springer},
  year = 2008,
  xxpages = {xx}
}


@article{tcsb2008,
  title = {{Robustness to Code and Data Deletion in Autocatalytic Quines}},
  author = {Thomas Meyer and Daniel Schreckling and Christian Tschudin and Lidia~Yamamoto},
  journal = {to appear in a special issue of Springer Transactions on Computational Systems Biology (TCSB)},
  year = 2008,
}


@inproceedings{Bionetics2008,
  author = {Thomas Meyer and Lidia Yamamoto and Christian Tschudin},
  title = {{A Self-Healing Multipath Routing Protocol}},
  booktitle = {to appear in Proceedings of IEEE/ACM Bionetics 2008},
  address = {Hyogo, Japan},
  month = nov,
  year = 2008
}

@article{Nehaniv:BioSys2003,
  author = {Chrystopher L. Nehaniv},
  title = {Editorial: Evolvability},
  journal = {BioSystems, Special Issue},
  volume = 69,
  number = {2-3},
  month = may,
  year = 2003,
}

@InCollection{Altenberg94,
  author = {Lee Altenberg},
  title = {{The Evolution of Evolvability in Genetic Programming}},
  booktitle = {Advances in Genetic Programming, ed. Kenneth Kinnear},
  chapter = 3,
  publisher = {MIT Press, Cambridge},
  year = 1994,
  pages = {47--74},
}

@article{Kirschner1998,
  author = {Marc Kirschner and John Gerhart},
  title = {{Evolvability}},
  journal = {Proc. National Academy of Sciences, USA},
  volume = 95,
  number = 15,
  month = jul,
  year = 1998,
  pages = {8420-8427}
}

@article{Frank2007,
  author = {Steven A. Frank},
  title = {{Maladaptation and the Paradox of Robustness in Evolution}},
  journal = {PLoS ONE},
  volume = 2,
  number = 10,
  year = 2007,
  pages = {~e1021},
  note = {doi:10.1371/journal.pone.0001021},
}

@article{Elena2007,
  author = {Santiago F. Elena and Claus O. Wilke and Charles Ofria and Richard \
E. Lenski},
  year = 2007,
  title = {{Effects of population size and mutation rate on the evolution of mu\
tational robustness}},
  journal = {Evolution},
  volume = 61,
  pages = {666-674},
  myurl = {http://www.msu.edu/~lenski/},
  mydoi = {http://www.blackwell-synergy.com/doi/pdf/10.1111/j.1558-5646.2007.00064.x}
}


@article{Wagner2007,
  author = {Andreas Wagner},
  title = {{Robustness and evolvability: A paradox resolved}},
  journal = {Proc. Roy. Soc. London Series. B},
  volume = 275,
  pages = {91-100},
  year = 2007,
  myurl = {http://www.bioc.uzh.ch/wagner/publications.html}
}


@book{Wagner2005,
  author = {Andreas Wagner},
  title = {{Robustness and Evolvability in Living Systems}},
  year = 2005,
  publisher = {Princeton Studies in Complexity},
  xxpublisher = {Princeton University Press}
}

@book{banzhaf:gpbook98,
  author = {Wolfgang Banzhaf and Peter Nordin and Robert E. Keller and Frank D.\
 Francone},
  title = {{Genetic Programming, An Introduction}},
  year = 1998,
  publisher = {{Morgan Kaufmann Publishers, Inc.}},
  series = {ISBN 155860510X}
}

@InProceedings{TinaYu:ECAL2007,
  author = {Tina Yu},
  title = {{Program Evolvablility under Environmental Variations and Neutrality\
}},
  booktitle = {Proceedings of the 9th European Conference on Artificial Life (ECAL 2007)},
  address = {Lisbon, Portugal},
  month = sep,
  year = 2007,
  myurl = {http://www.cs.mun.ca/\~{}tinayu/index_files/Page426.htm}
}


@article{HSuzuki:BioSys2003,
  author = {Hideaki Suzuki},
  title = {{An example of design optimization for high evolvability: string rewriting grammar}},
  journal = {BioSystems},
  volume = 69,
  number = {2-3},
  month = may,
  year = 2003,
  pages = {211-221}
}

@article{Post1943,
  author = {E. L. Post},
  title = {{Formal Reductions of the General Combinatorial Decision Problem}},
  journal = {American Journal of Mathematics},
  volume = 65,
  number = 2,
  month = apr,
  year = 1943,
  pages = {197--215},
  doi = {doi:10.2307/2371809}
}


@book{Calude2001,
  author = {Cristian S. Calude and Gheorghe Paun},
  title = {{Computing with Cells and Atoms: An Introduction to Quantum, DNA
        and Membrane Computing}},
  publisher = {Taylor \& Francis},
  year = {2001}
}


@Article{Banzhaf:gpem2000,
  author =       "W. Banzhaf and W. B. Langdon",
  title =        "Some considerations on the reason for bloat",
  journal =      "Genetic Programming and Evolvable Machines",
  year =         "2002",
  volume =       "3",
  number =       "1",
  pages =        "81--91",
  month =        mar,
  doi =          "doi:10.1023/A:1014548204452",
}

@Article{Luke:ec2006,
  author =	"Sean Luke and Liviu Panait",
  title =	"A Comparison of Bloat Control Methods for Genetic
		 Programming",
  journal =	"Evolutionary Computation",
  year = 	"2006",
  volume =	"14",
  number =	"3",
  pages =	"309--344",
  month =	"Fall",
  doi =  	"doi:10.1162/evco.2006.14.3.309",
}

@Article{Langdon:nc2005,
  author =       "W. B. Langdon and W. Banzhaf",
  title =        "Repeated Patterns in Genetic Programming",
  journal =      "Natural Computing",
  year =         "2008",
  note =          "doi:10.1007/s11047-007-9038-8",
}


@article{Wagner:pnas2007,
  author = {S. Ciliberti and O. C. Martin and A. Wagner},
  year = 2007,
  title = {{Innovation and robustness in complex regulatory gene networks}},
  journal = {Proc. Natl. Acad. Sci. U.S.A.},
  volume = 104,
  pages = {13591-13596},
}


@article{Fernando2007a,
  author = {C. Fernando and J. Rowe},
  year = 2007,
  title = {Natural Selection in Chemical Evolution},
  journal = {Journal of Theoretical Biology},
  volume = 247,
  pages = {152-167},
  doi = {http://dx.doi.org/10.1016/j.jtbi.2007.01.028}
}


@article{Benko2002,
  author = {G. Benk\"{o} and C. Flamm and P. F. Stadler},
  title = {A Graph-Based Toy Model of Chemistry},
  journal = {J. Chem. Inf. Comput. Sci.},
  year = 2002,
  myurl1 = {http://www.tbi.univie.ac.at/papers/02wplist.html},
  myurl2 = {http://www.tbi.univie.ac.at/papers/Abstracts/02-09-045.pdf}
}



@InProceedings{SimSoupECAL2007,
  author = {Chris Gordon-Smith},
  title = {{Evolution Without Smart Molecules}},
  booktitle = {Extending the Darwinian Framework: New levels of selection and inheritance},
  publisher = {Workshop at ECAL 2007, 9th European Conference on Artificial Life},
  year = 2007,
}


@book{ProtocellBook,
  author = {Steen Rasmussen},
  title = {{Protocells: Bridging Nonliving and Living Matter}},
  publisher = {MIT Press},
  year = 2008,
  note = {to appear}
}


@article{Sole2007,
  author = {Ricard V. Sol\'{e} and Steen Rasmussen and Mark Bedau},
  title = {{Synthetic protocell biology: from reproduction to computation}},
  volume = 362,
  number = 1486,
  month = oct,
  year = 2007,
  pages	= {1727-1739},
  journal = {Phil. Trans. R. Soc. B, Theme Issue Towards the artificial cell},
  doi = {10.1098/rstb.2007.2065},
}


@article{Rasmussen2004,
  author = {Steen Rasmussen and Liaohai Chen and David Deamer and David C. Krakauer and Norman H. Packard and Peter F. Stadler and Mark A. Bedau},
  title = {{Transitions from Nonliving to Living Matter}},
  journal = {Science},
  volume = 303,
  number = 5660,
  pages = {963-965},
  month = feb,
  year = 2004,
  doi = {10.1126/science.1093669}
}


@inproceedings{Bagley1991,
  author = {Richard J. Bagley and {J. Doyne} Farmer},
  title = {{Spontaneous Emergence of a Metabolism}},
  booktitle = {Artificial Life II},
  editor = {C. G. Langton and others},
  pages = {93-140},
  publisher = {Addison-Wesley},
  year = 1991
}


@article{Jong2002,
  author = {Hidde de Jong},
  title = {{Modeling and Simulation of Genetic Regulatory Systems: A Literature Review}},
  journal = {Journal of Computational Biology},
  month = jan,
  year = 2002,
  volume = 9,
  number = 1,
  pages = {67-103},
  note = {doi:10.1089/10665270252833208},
}


@InCollection{Banzhaf:gpta2003,
    author = {Wolfgang Banzhaf},
    title = {{Artificial Regulatory Networks and Genetic Programming}},
    xxchapter = x,
    pages = {43--61},
    editor = {R. Riolo and B. Worzel},
    booktitle = {{Genetic Programming - Theory and Applications}},
    year = 2003,
    publisher = {Kluwer Academic, Boston, MA},
    myurl = {http://www.cs.mun.ca/~banzhaf/gp.html},
    myfile = {toy_world3.pdf}
}

@article{Albert2004,
  author = {R\'{e}ka Albert},
  title = {Boolean Modeling of Genetic Regulatory Networks},
  journal = {Lect. Notes Phy.},
  volume = 650,
  pages = {459-481},
  year = 2004,
  publisher = {Springer}
}

@book{Atkins,
  title = {{Physical Chemistry}},
  author = {Peter Atkins and Julio de Paula},
  publisher = {Oxford University Press},
  year = 2002,
}

@conference{Decraene2008,
  author = {James Decraene and George Mitchell and Barry McMullin},
  title = {{Unexpected Evolutionary Dynamics in a String Based Artificial Chemistry}},
  booktitle = {Proc. Artificial Life XI},
  publisher = {MIT Press},
  pages = {158-165},
  year = 2008,
}

@conference{Speroni2000,
  author = {Pietro Speroni di Fenizio},
  title = {{A Less Abstract Artificial Chemistry}},
  booktitle = {Proc. Artificial Life VII},
  publisher = {MIT Press},
  year = 2000,
}

@book{Hindley1986,
  author = {J. R. Hindley and J. P. Seldin},
  title = {{Introduction to Combinators and $\lambda$-Calculus}},
  publisher = {Cambridge University Press},
  year = 1986
}

@misc{D122,
  author = {Danny Raz and Francesco {De Pellegrini (eds.)}},
  title = {{Disappearing Network Autonomic Operation and Evolution}},
  howpublished = {BIONETS Deliverable D1.2.2},
  year = 2007,
  month = aug,
}

@inproceedings{TingHu:ppsn2008,
  title = {{Nonsynonymous to Synonymous Substitution Ratio ka/ks: Measurement for Rate of Evolution in Evolutionary Computation}},
  author = {Ting Hu and Wolfgang Banzhaf},
  booktitle = {{Proc. 10th International Conference on Parallel Problem Solving From Nature (PPSN)}},
  year = 2008,
  month = sep,
  address = {Dortmund, Germany},
}


@inproceedings{Bedau1991,
  author = {Mark A. Bedau and Norman H. Packard},
  title = {{Measurement of Evolutionary Activity, Teleology and Life}},
  booktitle = {Artificial Life II},
  editor = {C. G. Langton and others},
  pages = {431-461},
  publisher = {Addison-Wesley},
  year = 1991
}


@article{Bedau1999,
  author = {Mark A. Bedau and C. Titus Brown},
  title = {{Visualizing Evolutionary Activity of Genotypes}},
  journal = {Artificial Life},
  volume = 5,
  number = 1,
  year = 1999,
  pages = {17-35},
}


@inproceedings{Bedau1998,
  author = {Mark A. Bedau and Emile Snyder and Norman H. Packard},
  title = {{A Classification of Long-Term Evolutionary Dynamics}},
  booktitle = {Proc. 6th. International Conference on Artificial Life (ALife VI)},
  year = {1998},
  pages = {228--237},
  address = {Madison, Wisconsin, USA},
  publisher = {MIT Press},
}


@article{Bedau2006,
  author = {Seth Bullock and M. A. Bedau},
  title = {{Exploring the Dynamics of Adaptation with Evolutionary Activity Plots}},
  journal = {Artificial Life},
  volume = 12,
  number = 2,
  year = 2006,
  pages = {1-5},
}

@misc{bionets_d224,
    author       = {Paolo {Dini (Ed.)}},
    title        = {{Evolution and Gene Expression in BIONETS: A Mathematical and Experimental Framework}},
    howpublished = "BIONETS (IST-2004-2.3.4 FP6-027748) Deliverable (D2.2.4)",
    month        = {November},
    year         = {2008}
}

@misc{bionets_d211,
    author  = {Eitan Altman and Paolo Dini and Daniele Miorandi and Daniel {Schreckling (Eds.)}},
    title   = {Paradigms and Foundations of BIONETS research},
howpublished="BIONETS (IST-2004-2.3.4 FP6-027748) Deliverable (D2.1.1)",
    month   = {August},
    year    = {2007}
}

@article{Goguen1972,
  author    = {Joseph A. Goguen},
  title     = {Realization is Universal},
  journal   = {Mathematical Systems Theory},
  volume    = {6},
  number    = {4},
  year      = {1972},
  pages     = {359-374},
  bibsource = {DBLP, http://dblp.uni-trier.de}
}

@article{Jacobs1997,
	author = {Jacobs, Bart and Rutten, Jan},
	citeulike-article-id = {4523059},
	citeulike-linkout-0 = {http://eprints.kfupm.edu.sa/21860/},
	citeulike-linkout-1 = {http://tfs.cs.tu-berlin.de/~wolter/papiere/tutorial.ps.gz},
	comment = {* Concert Reading Group: 01/23/2006},
	journal = {EATCS Bulletin},
	keywords = {coinduction, induction, rg-2006},
	pages = {222--259},
	posted-at = {2009-08-17 16:16:26},
	priority = {5},
	title = {A Tutorial on (Co)Algebras and (Co)Induction},
	url = {http://eprints.kfupm.edu.sa/21860/},
	volume = {62},
	year = {1997}
}

@inproceedings{Rydeheard85,
  author    = {David E. Rydeheard},
  title     = {Adjunction},
  booktitle = {CTCS},
  year      = {1985},
  pages     = {51-57},
  crossref  = {DBLP:conf/ctcs/1985},
  bibsource = {DBLP, http://dblp.uni-trier.de}
}

@proceedings{DBLP:conf/ctcs/1985,
  editor    = {David H. Pitt and
               Samson Abramsky and
               Axel Poign{\'e} and
               David E. Rydeheard},
  title     = {Category Theory and Computer Programming, Tutorial and Workshop,
               Guildford, UK, September 16-20, 1985 Proceedings},
  booktitle = {CTCS},
  publisher = {Springer},
  series    = {Lecture Notes in Computer Science},
  volume    = {240},
  year      = {1986},
  isbn      = {3-540-17162-2},
  bibsource = {DBLP, http://dblp.uni-trier.de}
}

@article{Mealy1955,
  author = {George H. Mealy},
  interHash = {dcddb96c3ffe3268e5b0ef0feb40397a},
  intraHash = {b7f55ef1657e9942037aac2645dedfb6},
  journal = {Bell System Technical Journal},
  number = {5},
  pages = {1045--1079},
  title = {A Method for Synthesizing Sequential Circuits},
  volume = {34},
  year = {1955}
}

@book{Lane1998,
	author = {Lane, Saunders M.},
	edition = {2nd},
	howpublished = {Hardcover},
	isbn = {0387984038},
	keywords = {category-theory},
	month = {September},
	posted-at = {2006-04-18 20:57:35},
	priority = {0},
	publisher = {Springer},
	title = {Categories for the Working Mathematician (Graduate Texts in Mathematics)},
	year = {1998}
}

@book{Andrekatoappear,
	author = {Andr{\'e}ka, H. and N{\'e}meti, Istv{\'a}n and Sain, Ildik{\'o}},
	edition = {1st},
	howpublished = {Hardcover},
	isbn = {978-3-7643-8505-7},
	keywords = {category-theory},
	publisher = {Springer},
        series = {{Studies in Universal Logic}}, 
	title = {Universal Algebraic Logic},
	year = {to appear}
}

@InCollection{Goguen1972a,
  author = 	 {Goguen, J. A.},
  title = 	 {Minimal realization of machines in closed categories},
  booktitle = 	 {Bulletin of the AMS},
  OPTcrossref =  {},
  OPTkey = 	 {},
  pages = 	 {777--783},
  OPTpublisher = {},
  year = 	 {1972},
  OPTeditor = 	 {},
  volume = 	 {78},
  OPTnumber = 	 {},
  OPTseries = 	 {},
  OPTtype = 	 {},
  OPTchapter = 	 {},
  OPTaddress = 	 {},
  OPTedition = 	 {},
  OPTmonth = 	 {},
  OPTnote = 	 {},
  OPTannote = 	 {}
}

@article{Goguen1975,
  author    = {Joseph A. Goguen},
  title     = {Discrete-Time Machines in Closed Monoidal Categories. I},
  journal   = {Journal of Computer and System Sciences},
  volume    = {10},
  number    = {1},
  year      = {1975},
  pages     = {1-43}
}

@article{Plotkin2004,
  author    = {Gordon D. Plotkin},
  title     = {A structural approach to operational semantics},
  journal   = {Journal of Logic and Algebraic Programming},
  volume    = {60-61},
  year      = {2004},
  pages     = {17-139},
}

@article{Goguen2000,
 author = {Goguen, Joseph and Malcolm, Grant},
 title = {A hidden agenda},
 journal = {Theor. Comput. Sci.},
 volume = {245},
 number = {1},
 year = {2000},
 issn = {0304-3975},
 pages = {55--101},
 doi = {http://dx.doi.org/10.1016/S0304-3975(99)00275-3},
 publisher = {Elsevier Science Publishers Ltd.},
 address = {Essex, UK},
 }

@techreport{Jacobs1996,
 author = {Jacobs, Bart P.F.},
 title = {Automata and behaviours in categories of processes},
 year = {1996},
 source = {http://www.ncstrl.org:8900/ncstrl/servlet/search?formname=detail\&id=oai%3Ancstrlh%3Aercim_cwi%3Aercim.cwi%2F%2FCS-R9607},
 publisher = {CWI (Centre for Mathematics and Computer Science)},
 address = {Amsterdam, The Netherlands, The Netherlands},
 }

@proceedings{VDM,
  editor    = {Dines Bj{\o}rner and
               Cliff B. Jones},
  title     = {{The Vienna Development Method: The Meta-Language}},
  booktitle = {{The Vienna Development Method: The Meta-Language}},
  publisher = {Springer},
  series    = {Lecture Notes in Computer Science},
  volume    = {61},
  year      = {1978},
  isbn      = {3-540-08766-4},
  bibsource = {DBLP, http://dblp.uni-trier.de}
}

@book{Znotation,
 author = {Spivey, J. M.},
 title = {{The Z notation: a reference manual}},
 year = {1989},
 isbn = {0-13-983768-X},
 publisher = {Prentice-Hall, Inc.},
 address = {Upper Saddle River, NJ, USA},
 }

@book{Milner1980,
  author    = {Robin Milner},
  title     = {{A Calculus of Communicating Systems}},
  publisher = {Springer},
  series    = {Lecture Notes in Computer Science},
  volume    = {92},
  year      = {1980},
  isbn      = {3-540-10235-3},
  bibsource = {DBLP, http://dblp.uni-trier.de}
}

@article{Milner1992,
  author    = {Robin Milner and
               Joachim Parrow and
               David Walker},
  title     = {{A Calculus of Mobile Processes, I}},
  journal   = {Inf. Comput.},
  volume    = {100},
  number    = {1},
  year      = {1992},
  pages     = {1-40},
  bibsource = {DBLP, http://dblp.uni-trier.de}
}

@book{Milner2009,
  author    = {Robin Milner},
  title     = {{The Space and Motion of Communicating Agents}},
  publisher = {Cambridge},
  year      = {2009}
}

@article{Hoare1978,
 author = {Hoare, C. A. R.},
 title = {Communicating sequential processes},
 journal = {Commun. ACM},
 volume = {21},
 number = {8},
 year = {1978},
 issn = {0001-0782},
 pages = {666--677},
 doi = {http://doi.acm.org/10.1145/359576.359585},
 publisher = {ACM},
 address = {New York, NY, USA},
 }

@article{Bolognesi1987,
 author = {Bolognesi, Tommaso and Brinksma, Ed},
 title = {{Introduction to the ISO specification language LOTOS}},
 journal = {Comput. Netw. ISDN Syst.},
 volume = {14},
 number = {1},
 year = {1987},
 issn = {0169-7552},
 pages = {25--59},
 doi = {http://dx.doi.org/10.1016/0169-7552(87)90085-7},
 publisher = {Elsevier Science Publishers B. V.},
 address = {Amsterdam, The Netherlands, The Netherlands},
 }

@article{ACP,
 author = {Bergstra, J. A. and Klop, J. W.},
 title = {{ACP{$\tau$}: a universal axiom system for process specification}},
 book = {Algebraic methods: theory, tools and applications},
 year = {1989},
 isbn = {0-387-51698-0},
 pages = {447--463},
 publisher = {Springer-Verlag New York, Inc.},
 address = {New York, NY, USA},
 }

@book{BIOMICSD41,
  author = {Rothstein, E and Schreckling, D},
  Publisher = {BIOMICS Deliverable, European Commission},
  Title = {D4.1: Candidate for a (Co)algebraic Interaction Computing Specification Language},
  Url = {http://biomicsproject.eu/file-repository/category/11-public-files-deliverables},
  Year = {2015},
  Bdsk-Url-1 = {http://www.biomicsproject.eu}
  }
  
  @book{BIOMICSD42,
  author = {Rothstein, E and Schreckling, D},
  Publisher = {BIOMICS Deliverable, European Commission},
  Title = {D4.2: Human-readable, Behaviour-based Interaction ComputingSpecification Language},
  Url = {http://biomicsproject.eu/file-repository/category/11-public-files-deliverables},
  Year = {2015},
  Bdsk-Url-1 = {http://www.biomicsproject.eu}}
  
@book{BIOMICSD51,
  author = {Rothstein Morris, E and Dini, P and Ruzsnavszky, F and  Schreckling, D and Li, L and Munro, A J and B\"orger, E},
  Publisher = {BIOMICS deliverable, European Commission},
  Title = {{D5.1: Requirements Collection for an Interaction Computing Execution Environment}},
  Url = {http://www.biomicsproject.eu},
  Year = {2015},
  Bdsk-Url-1 = {http://www.biomicsproject.eu}}
  
  @book{BIOMICSD52,
  author = {Rothstein Morris, E and  Schreckling, D},
  Publisher = {BIOMICS deliverable, European Commission},
  Title = {{D5.2: Execution Framework for Interaction Computing}},
  Url = {http://www.biomicsproject.eu},
  Year = {2016},
  Bdsk-Url-1 = {http://www.biomicsproject.eu}}





===============================





@book{AmatoFantacci2012a,
	Author = {Amato, M and Fantacci, L},
	Publisher = {Polity},
	Title = {The End of Finance},
	Address = {Cambridge},
	Year = {2012}
}

@article{Barnett2010,
	Author = {Barnett, E},
	Journal = {The Telegraph},
	Title = {{Tim Berners-Lee criticises Facebook's `walled garden'}},
	Year = {2010},
	note = {\url{http://www.telegraph.co.uk/technology/facebook/8151101/tTim-Berners-Lee-criticises-Facebooks-walled-garden.html}}
}

@book{Benkler2006,
	Author = {Benkler, Y},
	Publisher = {Yale University Press},
	Title = {The Wealth of Networks},
	Address = {New Haven, CT},
	Year = {2006}
}

@article{Boghossian2001,
	Author = {Boghossian, P A},
	Journal = {Times Literary Supplement},
	Title = {{What is Social Construction?}},
	Year = {2001},
	note = {\url{http://philosophy.fas.nyu.edu/docs/IO/1153/socialconstruction.pdf}}
}

@misc{Cachin2016,
	Author = {Cachin, C},
	Title = {{Architecture of the Hyperledger Blockchain Fabric}},
	Year = {2016},
	note = {IBM Research z\"urich,  \url{https://www.zurich.ibm.com/dccl/papers/cachin_dccl.pdf}}
}

@book{Day2006,
	Author = {Day, R J F},
	Publisher = {{Between the Lines}},
	Address = {Toronto},
	Title = {{Gramsci is Dead: Anarchist Currents in the Newest Social Movements}},
	Year = {2006}
}

@InCollection{DiBonaEtAl2006,
	Author = {Di Bona, C and Cooper, D and Stone, M},
	title = {Introduction},
	Editor = {Di Bona, C and Cooper, D and Stone, M},
	Publisher = {O'Reilly},
	Booktitle = {Open Sources 2.0: The Continuing Evolution},
	Year = {2006}
}

@article{DiniIqaniMansell2011,
	Author = {P Dini and M Iqani and R E Mansell},
	Journal = {{Journal of Culture, Theory and Critique}},
	Pages = {3-27},
	Title = {{The (Im)Possibility of Interdisciplinarity: Lessons from Constructing a Theoretical Framework for Digital Ecosystems}},
	Volume = {52},
	Number={1},
	Year = {2011}
}

@article{Dini2012,
	Author = {Dini, P},
	Title = {{Community currencies and the quantification of social value in the digital economy. Working Paper}},
	note = {\url{http://eprints.lse.ac.uk/47349/}},
	Year = {2012}
}

@inproceedings{DiniMottaSartori2016,
	Author = {Dini, P and Motta-Guarneros, W and Sartori, L},
	Title = {{Self-Funded Social Impact Investment: An Interdisciplinary Analysis of the Sardex Mutual Credit System}},
	Booktitle = {{8th Social Innovation Research Conference, ISIRC 2016, Glasgow, 5-7 September}},
	Year = 2016,
	note = {\url{http://eprints.lse.ac.uk/67622/}}
}

@article{MottaDiniSartori2017,
	Author = {Motta, W and Dini, P and Sartori, L},
	Title = {{Self-Funded Social Impact Investment: An Interdisciplinary Analysis of the Sardex Mutual Credit System}},
	Journal = {{Journal of Social Entrepreneurship}},
	note = {In press},
	Year = {2017}
}

@inproceedings{DiniSartori2013,
	Author = {Dini, P and Sartori, L},
	Booktitle = {{EINS2013: 1st International Conference on Internet Science}},
	Address = {10-11 April},
	Title = {{Science as Social Construction: An Inter-Epistemological Dialogue between Two Internet Scientists on the Inter-Epistemological Structure of Internet Science, Part 1}},
	Year = {2013}
}

@misc{DiniSartoriMotta201416,
	Author = {Dini, P and Sartori, L and Motta, W},
	Title = {{Twenty-nine semi-structured interviews conducted in various Sardinian towns (Serramanna, Cagliari, Assemini, Carbonia, Terralba, Oristano, Sassari}},
	Note = {July and October 2014 and February 2016},
	Year = {2016}
}

@misc{DiniNehaniv2013,
  Author = {P Dini and C L Nehaniv},
  Title = {{Notes on Interdependent Networks: Commutativity Conditions for the Adjacency
  Matrices of Graphs and Digraphs}},
  Note = {{University of Hertfordshire Computer Science Technical Report}},
  month= {February},
  Year = {2013}
 }

@book{Dodd2014,
	Author = {Dodd, N},
	Publisher = {{Princeton University Press}},
	Title = {{The Social Life of Money}},
	Year = {2014}
}

@book{Douthwaite1999,
	Author = {Douthwaite, R},
	Publisher = {{Green Books}},
	Title = {{The Ecology of Money}},
	Year = {1999}
}

@article{Economist2017aa,
	Author = {The Economist},
	Title = {{That Sinking Feeling: Special Report on Europe at 60}},
	Year = {2017},
	Date = {25 March}
}

@article{Economist2017bb,
	Author = {The Economist},
	Title = {{Why everything is hackable}},
	Year = {2017},
	Date = {8 April}
}
 
@book{Fielding2000,
	Url = {http://www.ics.uci.edu/~fielding/pubs/dissertation/top.htm},
	Author = {Fielding, R},
	Publisher = {{UC Irvine PhD Dissertation}},
	Title = {{Architectural Styles and the Design of Network-based Software Architectures}},
	Year = {2000}
}

@article{Fligstein1996,
	Author = {Fligstein, N},
	Journal = {American Sociological Review},
	Title = {{Markets as Politics: A Political-Cultural Approach to Market Institutions}},
	Volume = {61},
	Year = {1996},
	Pages = {656-673}
}

@InProceedings{GoldingWegner2005,
  author = {D Golding and P Wegner},
  title = {The {C}hurch-{T}uring Thesis: Breaking the Myth},
  booktitle = {Computability in Europe (CiE) conference series},
  year = {2005}
}

@book{Graeber2011,
	Author = {Graeber, D},
	Publisher = {{Melville Books}},
	Title = {{Debt: The First 5000 Years}},
	Year = {2011}
}

@article{Greco2015,
	Author = {Greco, T},
	Title = {{Sardex, a brief report}},
	note = {\\ \url{https://beyondmoney.net/2015/08/20/sardex-an-emerging-model-for-credit-clearing-exchanges/}},
	Year = {2015}
}

@book{Gudeman2001,
	Author = {Gudeman, S},
	Publisher = {Blackwell},
	Adress = {Oxford},
	Title = {The Anthropology of Economy},
	Year = {2001}
}

@InProceedings{Gurevich1993,
  author = {Gurevich, Y},
  title = {{Evolving Algebras: An Attempt to Discover Semantics}},
  Editor = {Rozenberg, G and Salomaa, A},
  booktitle = {Current Trends in Theoretical Computer Science},
  Publisher = {World Scientific},
  year = {1993},
  pages = {266-292}
}

@book{Hollis1994,
	Author = {Hollis, M},
	Publisher = {Cambridge},
	Title = {The Philosophy of Social Science: An Introduction, 2nd Ed},
	Year = {1994}
}

@book{Ingham2004,
	Author = {Ingham, G},
	Publisher = {Polity},
	Title = {{The Nature of Money}},
	Address = {Cambridge},
	Year = {2004}
}

@misc{Interlace,
    Author = {INTERLACE},
    Title = {{Interacting Decentralized Transactional and Ledger Architecture for Mutual Credit}},
    note = {FET OPEN Innovation Launchpad Project, 05/2017-10/2018, Contract N. 754494, \url{https://ec.europa.eu/programmes/horizon2020/en/news/fet-innovation-launchpad-first-cut-16-projects-chosen}},
    Year = {2017},
}

@book{Knapp1924,
	Author = {Knapp, G F},
	Publisher = {Augustus M Kelley},
	Title = {{The State Theory of Money}},
	Address = {New York},
	Year = {1973[1924]}
}

@book{Kuhn1996,
	Author = {Kuhn, T},
	Publisher = {University of Chicago Press},
	Title = {{The Structure of Scientific Revolutions, 3rd Ed}},
	Year = {1996}
}

@article{LitteraEtAl2017,
	Author = {Littera, G and Sartori, L and Dini, P and Antoniadis, P},
	Journal = {International Journal of Community Currency Research},
	Title = {{From an Idea to a Scalable Working Model: Merging Economic Benefits with Social Value in Sardex}},
	Volume = {21},
	Year = {2017},
	Pages = {6-21},
	note = {\url{https://ijccr.files.wordpress.com/2017/02/littera-et-al.pdf}}
}

@InProceedings{Merkle1988,
	Author = {Merkle, R C},
  title = {{A Digital Signature Based on a Conventional Encryption Function}},
  booktitle = {Advances in Cryptology CRYPTO '87, Lecture Notes in Computer Science},
  Vol = 293,
  pages = {369},
  year = {1988}
}

@article{NehanivEtAl2015,
	Author = {Nehaniv, C L and Rhodes, J L and Egri-Nagy, A and Dini, P and Rothstein, E M and Horv\'ath, G and Karimi, F and Schreckling, D and Schilstra, M J},
	Journal = {Philosophical Transactions of the Royal Society A},
	Title = {{Symmetry structure in discrete models of biochemical systems: natural subsystems and the weak control hierarchy in a new model of computation driven by interactions}},
	Volume = {373},
	Year = {2015},
	note = {\url{http://rsta.royalsocietypublishing.org/content/373/2046/20140223}}
}

@article{Odom,
	Author = {Odom, C},
	Title = {{Open-Transactions: Secure Contracts between Untrusted Parties}},
	year = {NY},
	note = {No year given. \url{http://www.opentransactions.org/open-transactions.pdf}}
}


@book{Ostrom1991,
	Address = {Cambridge},
	Author = {Ostrom, E},
	Publisher = {Cambridge University Press},
	Title = {Governing the Commons: The Evolution of Institutions for Collective Action},
	Year = {1991}
}

@book{HessOstrom2011,
	Address = {Cambridge, MA},
	Author = {Hess, C and Ostrom, E},
	Publisher = {MIT Press},
	Title = {Understanding Knowledge as a Commons: From Theory to Practice},
	Year = {2011}
}

@article{Petri1962,
	Author = {Petri, C A},
	Journal = {Schriften des IIM},
	Title = {{Kommunikation mit Automaten}},
	Volume = {2},
	Address = {Bonn},
	Year = {1962}
}

@book{Polanyi1944,
	Address = {Boston},
	Author = {Polanyi, K},
	Publisher = {Beacon Press},
	Title = {The Great Transformation: the Political and Economic Origins of Our Time},
	Year = {2001[1944]}
}

@book{Popper2002,
	Address = {London},
	Author = {Popper, K},
	Publisher = {Routledge},
	Title = {The Logic of Scientific Discovery},
	Note = {reprinted translation of 1935 original Logik der Forschung},
	Year = {2002}
}

@article{SartoriDini2016,
	Author = {Sartori, L and Dini, P},
	Journal = {Stato e Mercato},
	Pages = {273-304},
	Title = {{Sardex, from complementary currency to institution. A micro-macro case study}},
	Volume = {107},
	Year = {2016}
}

@book{Studer1998,
	Author = {Studer, T},
	Publisher = { WIR Bank},
	Address = {Basel},
	Title = {{WIR and the Swiss National Economy}},
	Year = {1998}
}

@article{Turing1936,
	Author = {A Turing},
	Journal = {Proceedings of the London Mathematical Society},
	Pages = {230-265},
	Title = {{On Computable Numbers, with an Application to the Entscheidungsproblem}},
	Volume = {42:2},
	Note = {A correction, ibid, 43, 1937, pp. 544-546},
	Year = {1936}
}

@article{Werner2014,
	Author = {Werner, R A},
	Journal = {International Review of Financial Analysis},
	Pages = {1-19},
	Title = {{Can banks individually create money out of nothing? The theories and the empirical evidence}},
	Volume = {36},
	Year = {2014}
}

@article{White2015,
	Author = {White, B},
	Title = {{A Theory for Lightweight Cryptocurrency Ledgers}},
	Year = {2015},
	note = {\url{http://qeditas.org/lightcrypto.pdf}}
}

@book{Wray1990,
	Author = {Wray, R},
	Publisher = {Edward Elgar},
	Title = {{Money and Credit in Capitalist Economies: The Endogenous Money Approach}},
	Year = {1990}
}

@book{Zelizer1994,
	Author = {Zelizer, V},
	Publisher = {Princeton University Press},
	Title = {{The Social Meaning of Money: Pin Money, Paychecks, Poor Relief and Other Currencies}},
	Year = {1994}
}

@article{Antoniadis2014a,
  title     = {{Do It Yourself networking: an interdisciplinary approach
               (Dagstuhl Seminar 14042)}},
  author    = {Antoniadis, P and Ott, J and Passarella, A},
  journal   = {Dagstuhl reports},
  publisher = {Schloss Dagstuhl-Leibniz-Zentrum fuer Informatik},
  volume    =  {4},
  number    =  {1},
  year      =  {2014}
}

@article{Antoniadis2014b,
  title   = {{The Right(s) to the Hybrid City and the Role of {DIY} Networking}},
  author  = {Antoniadis, P and Apostol, I},
  journal = {The Journal of Community Informatics},
  volume  =  {10},
  number  =  {3},
  year    =  {2014}
}

@article{Antoniadis2016,
  title    = {Local networks for local interactions: Four reasons why and a way forward},
  author   = {Antoniadis, P},
  journal  = {First Monday},
  volume   =  {21},
  number   =  {12},
  year     =  {2016}
}

@article{Antoniadis2008,
  title    = {{Community Building over Neighborhood Wireless Mesh Networks}},
  author   = {Antoniadis, P and Grand, B L and Satsiou, A and Tassiulas, L and
              Aguiar, R L and Barraca, J P and Sargento, S},
  journal  = {IEEE Technol. Soc. Mag.},
  volume   =  {27},
  number   =  {1},
  pages    = {48-56},
  year     =  {2008},
}

@book{Kopainsky2005,
   Author = {Kopainsky, Birgit Ursula},
   Title = {{A system dynamics analysis of socio-economic development in lagging Swiss regions}},
   Institution = {ETH Zurich Doctoral thesis},
   Year = {2005},
   Location = {Zurich}
   }

@misc{WardLewis2002,
   Author = {Ward, Bernie and Lewis, Julie},
   Title = {{Plugging the Leaks - Making the most of every pound that enters your local economy}},
   Institution = {New Economics Foundation},
   Year = {2002},
   Location = {London},
   note = {\url{http://www.pluggingtheleaks.org/downloads/ptl_handbook.pdf}}
}


@misc{PlatformDesign2017,
   Title = {{Platform Design Toolkit 2.0 (open source)}},
   Year = {2017},
   note = {\url{http://platformdesigntoolkit.com}}
}

@book{Greenblat1988,
   Author = {Greenblat, Cathy S.},
   Title = {{Designing games and simulations. An illustrated handbook}},
   Year = {1988},
   Location = {Newbury Park}
   }

@inproceedings{AntoniadisEtAl2016,
   Author = {Antoniadis, P. and Martignoni, J. and Navarro, L.},
   Title = {{Economic Sustainability of CNs (v1) - Introducing Community Currencies (v1)}},
   Institution = {Deliverable D2.4 from the netCommons.eu research project},
   Year = {2016},
   }

@article{JonesShelley2016,
   Author = {Jones, E.L. and Shelley, P.},
   Title = {{How housing co-operatives built a city}},
   Journal = {Architectural Review},
   Year = {October 2016},
   note = {\url{https://www.architectural-review.com/how-housing-co-operatives-built-a-city/10012449.article}}
}

@misc{Raoseta2016,
   Author = {Raoseta, Thomas},
   Title = {{Individuals forming a collective neighborhood. October 27, 2016 Seed talk at Venice Biennale Greek Pavilion. #ThisIsACo_op: Co-housing Practices/ Inventing prototypes for Athens}},
   Year = {2016},
   Location = {Venice}

}

@misc{Wirz2016,
   Author = {Wirz, Andreas},
   Title = {{Seed talk at Venice Biennale Greek Pavilion. . #ThisIsACo_op: Co-housing Practices/ Inventing prototypes for Athens}},
   Year = {2016},
   Location = {Venice}
}

@article{Martignoni2012,
   Author = {Martignoni, Jens},
   Journal = {International Journal of Community Currency Research},
   Title = {{A new approach to a typology of complementary currencies}},
   Volume = {16},
   Year = {2012},
   Pages = {1-17}
}

@article{Martignoni2015,
   Author = {Martignoni, Jens},
   Journal = {International Journal of Community Currency Research},
   Title = {{From fundamentals to rule-making and clearing systems, including a case study of the Zurich Area, Switzerland}},
   Volume = {19},
   Year = {2015},
   Pages = {137-151}
}

@article{Martignoni2016,
   Author = {Martignoni, Jens},
   Title = {{Monetary Velocity in a Systemic Perspective: An Approach Towards More Accurate Currency Thinking}},
   Journal = {Economic Alternatives Journal},
   Year = {2016},
   Location = {Sofia},
   Volume = {4},
   Pages = {433-446},
   note = {\url{http://www.unwe.bg/eajournal/en/journalissues/list/89}}
}

@article{Martignoni2017,
   Author = {Martignoni, Jens},
   Title = {{The District Currency – a new currency design for managing the commons}},
   Institution = {IV International Conference on Social and Complementary Currencies: Money, Awareness and Values for Social Change, May, 10 to May, 14, 2017},
   Year = {2017},
   Location = {Barcelona}
   }

@ebook{PM1983,
   Author = {P.M.},
   Title = {{The power of the Neighborhood}},
   Publisher = {Autonomedia},
   Year = {1983},
   Url = {http://o500.org/books/pm_power_of_neighborhood.pdf}
}

@book{mehraslwohnen,
   Author = {Hugentobler, M and Hofer, A and Simmendinger, P},
   Title = {{More than housing: Cooperative Planning - a case study in Zurich}},
   Publisher = {Birkhaeuser Verlag},
   Location = {Basel}, 
   Year = {2015},
   Url = {http://www.wohnforum.arch.ethz.ch/en/mehr-als-wohnen-genossenschaftlich-planen-ein-modellfall-aus-zuerich}
}


@inproceedings{DcentD35,
   Author = {Lucarelli, Stefano and Sachy, Marco and Bonacci, Lucia and Gentilucci, Eleonora and Giuliani, Alfonso and Gobbi, Lucio},
   Title = {{Framework for implementing alternative
credit schemes and digital social currencies}},
   Institution = {Deliverable D3.5 from the D-CENT research project},
   Version = {1},
   Year = {2015},
   Url = {https://dcentproject.eu/wp-content/uploads/2015/09/D3.5-1.pdf}
   }

@inproceedings{DcentD55,
   Author = {Roio, Denis and Sachy, Marco},
   Title = {{Implementation of digital social
currency infrastructure}},
   Institution = {Deliverable D5.5 from the D-CENT research project},
   Version = {6},
   Year = {2015},
   Url = {https://dcentproject.eu/wp-content/uploads/2015/09/D5.5-Implementation-of-digital-social-currency-infrastructure-.pdf}
   }

@inproceedings{DcentD44,
   Author = {Roio, Denis and Sachy, Marco and Lucarelli, Stefano and Lietaer, Bernard and Bria, Francesca},
   Title = {{Design of Social Digital Currency}},
   Institution = {Deliverable D4.4 from the D-CENT research project},
   Version = {2},
   Year = {2015},
   Url = {https://dcentproject.eu/wp-content/uploads/2015/03/design_of_social_digital_currency_publication.pdf}
   }

